--- COMMENTS may be placed outside the @ENTRYTYPE{ ... } stuctures
--- CMS guidelines
---- Every journal article citation should include the DOI, assuming one exists.
---- All URLs for CMS notes, ANs, etc, should refer to the CDS server, not the CMS server. Use our standard format for them, as shown below.
----  CMS Notes not available on CDS are regarded as private and may not be cited.
----  CMS physics papers (i.e., those intended for publication in journals) may reference only POG PASs, not PAG PASs.
---- For papers by collaborations, list the collaboration in the COLLABOROATION field and put the first author and "and others" in the AUTHOR field.
----  If only the collaboration is listed as the author, put "{XXX Collaboration}" under AUTHOR.
----  Note that we automatically replace the AUTHOR field with the collaboration name for ATLAS, CMS, LHCb, and ATLAS at submission time.
---- Other items:
----   PAGES: Please only list the first page, not the range.
----   ISSUE: Please do not include in most cases.
----   URL: Do not include this field if a DOI is available.
---- Number of authors to list:
----   PRL requests that we include all authors up to fifteen except for large collaborations, and we take this as our internal guide as well. If there
----   are more than fifteen, just list the first author + "and others", as above.
----   The individual journal bib style file (theirs, ours, PLB, etc.) will truncate at the appropriate point. We have ours set to _1_ for more than four.
---- Use only the URL field instead of embedding an href (this is a change in our practice).
---- A reference only published on the arXiv should be listed as UNPUBLISHED (with a note "Submitted to XXX" for large collaboration papers).
----   Experimental papers only on the arXiv and not submitted for publication may not be cited.
---- Some journals will lowercase the title: use {} to protect words which must be capitalized, e.g., {LHC}, {TeV}, {CERN}, {CMS}.
----  Do not escape the entire title as it will then clash with the journal style.
---- Journal names: the journals generally include the series in the journal name, "Physical Review D", vol 5, rather than PR D5
%
% Notes hosted only on CDS are listed as TECHREPORTs.
%
@article{Chatrchyan:2013bka,
      author         = "Chatrchyan, Serguei and others",
      title          = "Measurement of the $B_s^0 \to \mu^+ \mu^-$ Branching Fraction
                        and Search for $B^0 \to \mu^+ \mu^-$ with the {CMS} Experiment",
      collaboration  = "CMS",
      journal        = "Phys. Rev. Lett.",
      volume         = "111",
      pages          = "101804",
      doi            = "10.1103/PhysRevLett.111.101804",
      year           = "2013",
      eprint         = "1307.5025",
      archivePrefix  = "arXiv",
      primaryClass   = "hep-ex",
      reportNumber   = "CMS-BPH-13-004, CERN-PH-EP-2013-129",
      SLACcitation   = "%%CITATION = ARXIV:1307.5025;%%"
}

@article{Aaij:2013aka,
      author         = "Aaij, R. and others",
      title          = "Measurement of the $B^0_s \to \mu^+ \mu^-$ Branching
                        Fraction and Search for $B^0 \to \mu^+ \mu^-$ Decays at
                        the {LHCb} Experiment",
      collaboration  = "LHCb",
      journal        = "Phys. Rev. Lett.",
      volume         = "111",
      pages          = "101805",
      doi            = "10.1103/PhysRevLett.111.101805",
      year           = "2013",
      eprint         = "1307.5024",
      archivePrefix  = "arXiv",
      primaryClass   = "hep-ex",
      reportNumber   = "CERN-PH-EP-2013-128, LHCB-PAPER-2013-046",
      SLACcitation   = "%%CITATION = ARXIV:1307.5024;%%"
}

@article{LHCbP5p1,
      title         = {Measurement of form-factor-independent observables in the decay ${B}^{0}\ensuremath{\rightarrow}{K}^{*0}{\ensuremath{\mu}}^{\mathbf{+}}{\ensuremath{\mu}}^{\mathbf{\ensuremath{-}}}$},
      collaboration = "LHCb",
      journal       = {Phys. Rev. Lett.},
      volume        = "111",
      issue         = "19",
      pages         = "191801",
      numpages      = "8",
      year          = "2013",
      publisher     = {American Physical Society},
      doi           = "10.1103/PhysRevLett.111.191801",
      eprint        = "1308.1707",
      archivePrefix = "arXiv",
      primaryClass  = "hep-ex"
}

@article{LHCbP5p2,
      author         = "Aaij, R. and others",
      title          = "{Angular analysis of the $B^0 \to K^* \mu^+ \mu^-$ decay
                        using $3~{\rm fb}^{-1}$ of integrated luminosity}",
      collaboration  = "LHCb",
      journal        = "JHEP",
      volume         = "02",
      pages          = "104",
      doi            = "10.1007/JHEP02(2016)104",
      year           = "2016",
      eprint         = "1512.04442",
      archivePrefix  = "arXiv",
      primaryClass   = "hep-ex"
}

@article{Matias06,
      author         = "Descotes-Genon, S. and Matias, J. and Virto, J.",
      title          = "Global analysis of $b \to s \ell \ell$ anomalies",
      journal        = "JHEP",
      volume         = "06",
      pages          = "092",
      doi            = "10.1007/JHEP06(2016)092",
      year           = "2016",
      eprint         = "1510.04239",
      archivePrefix  = "arXiv",
      primaryClass   = "hep-ph"
}

@article{BelleP5p,
      author         = "Abdesselam, A. and others",
      title          = "{Lepton-flavor-dependent angular analysis of $B \to K^* \ell^+\ell^-$}",
      collaboration  = "Belle",
      journal        = "Phys. Rev. Lett.",
      volume         = "118",
      pages          = "111801",
      doi            = "10.1103/PhysRevLett.118.111801",
      year           = "2017",
      eprint         = "1612.05014",
      archivePrefix  = "arXiv",
      primaryClass   = "hep-ex"
}

@article{CMS:2014xfa,
      author           = "{CMS Collaboration and LHCb Collaboration}",
      NOTauthor        = "Khachatryan, Vardan and others",
      title            = "Observation of the rare $B^0_s\to\mu^+\mu^-$ decay from
                        the combined analysis of {CMS} and {LHCb} data",
      NOTcollaboration = "CMS and LHCb",
      journal        = "Nature",
      doi            = "10.1038/nature14474",
      year           = "2015",
      eprint         = "1411.4413",
      archivePrefix  = "arXiv",
      primaryClass   = "hep-ex",
      reportNumber   = "CERN-PH-EP-2014-220, CMS-BPH-13-007, LHCB-PAPER-2014-049",
      SLACcitation   = "%%CITATION = ARXIV:1411.4413;%%"
}

@article{Bobeth:2013uxa,
      author         = "Bobeth, Christoph and Gorbahn, Martin and Hermann, Thomas
                        and Misiak, Mikolaj and Stamou, Emmanuel and others",
      title          = "{$B_{s,d} \to \ell^+ \ell^-$ in the Standard Model with Reduced
                        Theoretical Uncertainty}",
      journal        = "Phys. Rev. Lett.",
      volume         = "112",
      pages          = "101801",
      doi            = "10.1103/PhysRevLett.112.101801",
      year           = "2014",
      eprint         = "1311.0903",
      archivePrefix  = "arXiv",
      primaryClass   = "hep-ph",
      reportNumber   = "FLAVOUR(267104)-ERC-53, LTH-990, SFB-CPP-13-82,
                        TTP13-033",
      SLACcitation   = "%%CITATION = ARXIV:1311.0903;%%"
}

@article{Deshpande:1988mg,
      author         = "Deshpande, N. G. and Trampetic, J.",
      title          = "{Improved estimates for processes $b\to s \ell^+ \ell^-$, $B\to K \ell^+ \ell^-$, and $B\to K^* \ell^+ \ell^-$}",
      journal        = "Phys. Rev. Lett.",
      volume         = "60",
      pages          = "2583",
      doi            = "10.1103/PhysRevLett.60.2583",
      year           = "1988",
      reportNumber   = "OITS-379",
      SLACcitation   = "%%CITATION = PRLTA,60,2583;%%"
}

@article{Deshpande:1988bd,
      author         = "Deshpande, N. G. and Trampetic, Josip and Panose,
                        Kuriakose",
      title          = "{Resonance background to the decays $b \to s \ell^+ \ell^-$,
                        $B \to K^* \ell^+ \ell^-$, and $B \to K \ell^+ \ell^-$}",
      journal        = "Phys. Rev. D",
      volume         = "39",
      pages          = "1461",
      doi            = "10.1103/PhysRevD.39.1461",
      year           = "1989",
      reportNumber   = "OITS-394",
      SLACcitation   = "%%CITATION = PHRVA,D39,1461;%%"
}

@article{Lim:1988yu,
      author         = "Lim, C. S. and Morozumi, T. and Sanda, A. I.",
      title          = "{A prediction for $\text{d}\Gamma(b\to s\ell\overline{\ell})/\text{d}q^2$
                         including the long-distance effects}",
      journal        = "Phys. Lett. B",
      volume         = "218",
      pages          = "343",
      doi            = "10.1016/0370-2693(89)91593-1",
      year           = "1989",
      reportNumber   = "KEK-TH-214, KEK-Preprint-88-79, DOE/ER/40325-50",
      SLACcitation   = "%%CITATION = PHLTA,B218,343;%%"
}

@article{Grinstein:1988me,
      author         = "Grinstein, Benjamin and Savage, Martin J. and Wise, Mark B.",
      title          = "{$B \to X_s e^+ e^-$ in the six quark model}",
      journal        = "Nucl. Phys. B",
      volume         = "319",
      pages          = "271",
      bothpages          = "271-290",
      doi            = "10.1016/0550-3213(89)90078-3",
      year           = "1989",
      reportNumber   = "LBL-25014, CALT-68-1489",
      SLACcitation   = "%%CITATION = NUPHA,B319,271;%%"
}

@article{Ali:1991is,
      author         = "Ali, Ahmed and Mannel, T. and Morozumi, T.",
      title          = "{Forward backward asymmetry of dilepton angular
                        distribution in the decay $b\to s \ell^+\ell^-$}",
      journal        = "Phys. Lett. B",
      volume         = "273",
      pages          = "505",
      bothpages          = "505-512",
      doi            = "10.1016/0370-2693(91)90306-B",
      year           = "1991",
      reportNumber   = "DESY-91-097, RU-91-8-B",
      SLACcitation   = "%%CITATION = PHLTA,B273,505;%%"
}

@article{Kruger:1999xa,
      author         = "Kr{\"u}ger, Frank and Sehgal, Lalit M. and Sinha, Nita and
                        Sinha, Rahul",
      title          = "Angular distribution and \textit{CP} asymmetries in the decays
                        {$\overline{B}\!\to\! K^-\pi^+e^-e^+$} and {$\overline{B}\!\to\! \pi^-\pi^+e^-e^+$}",
      journal        = "Phys. Rev. D",
      volume         = "61",
      pages          = "114028",
      doi            = "10.1103/PhysRevD.61.114028",
      year           = "2000",
      note           = "Erratum \doi{10.1103/PhysRevD.63.019901}",
      eprint         = "hep-ph/9907386",
      archivePrefix  = "arXiv",
      primaryClass   = "hep-ph",
      reportNumber   = "FISIST-5-99-CFIF, IMSC-99-05-17, PITHA-99-15",
      SLACcitation   = "%%CITATION = HEP-PH/9907386;%%"
}

@article{Kim:2000dq,
      author         = "Kim, C. S. and Kim, Yeong Gyun and Lu, Cai-Dian and
                        Morozumi, Takuya",
      title          = "{Azimuthal angle distribution in $B\to K^*(\to K\pi) \ell^+\ell^-$
                        at low invariant $m_{\ell^+\ell^-}$ region}",
      journal        = "Phys. Rev. D",
      volume         = "62",
      pages          = "034013",
      doi            = "10.1103/PhysRevD.62.034013",
      year           = "2000",
      eprint         = "hep-ph/0001151",
      archivePrefix  = "arXiv",
      primaryClass   = "hep-ph",
      reportNumber   = "YUMS-00-001, HUPD-9914",
      SLACcitation   = "%%CITATION = HEP-PH/0001151;%%"
}

@article{Yan:2000dc,
      author         = "Yan, Qi-Shu and Huang, Chao-Shang and Liao, Wei and Zhu, Shou-Hua",
      title          = "{Exclusive semileptonic rare decays $B \to (K, K^*) \ell^+ \ell^-$
                         in supersymmetric theories}",
      journal        = "Phys. Rev. D",
      volume         = "62",
      pages          = "094023",
      doi            = "10.1103/PhysRevD.62.094023",
      year           = "2000",
      eprint         = "hep-ph/0004262",
      archivePrefix  = "arXiv",
      primaryClass   = "hep-ph",
      reportNumber   = "TUHEP-TH-00116",
      SLACcitation   = "%%CITATION = HEP-PH/0004262;%%"
}

@article{Aliev:2001fc,
      author         = "Aliev, T. M. and Ozpineci, A. and Savci, M.",
      title          = "{Exclusive $B\to K^* \ell^+\ell^-$ decay with
                        polarized $K^*$ and new physics effects}",
      journal        = "Phys. Lett. B",
      volume         = "511",
      pages          = "49",
      bothpages          = "49-58",
      doi            = "10.1016/S0370-2693(01)00574-3",
      year           = "2001",
      eprint         = "hep-ph/0103261",
      archivePrefix  = "arXiv",
      primaryClass   = "hep-ph",
      reportNumber   = "METU-PHYS-HEP-PH-01-15",
      SLACcitation   = "%%CITATION = HEP-PH/0103261;%%"
}

@article{Beneke:2001at,
      author         = "Beneke, M. and  Feldmann, Th. and Seidel, D.",
      title          = "Systematic approach to exclusive {$B \to V \ell^+ \ell^-, V \gamma$} decays",
      journal        = "Nucl. Phys. B",
      volume         = "612",
      pages          = "25",
      bothpages          = "25-58",
      doi            = "10.1016/S0550-3213(01)00366-2",
      year           = "2001",
      eprint         = "hep-ph/0106067",
      archivePrefix  = "arXiv",
      primaryClass   = "hep-ph",
      reportNumber   = "PITHA-01-05",
      SLACcitation   = "%%CITATION = HEP-PH/0106067;%%"
}

@article{Chen:2002zk,
      author         = "Chen, Chuan-Hung and Geng, C. Q.",
      title          = "{Probing new physics in $B \to K^{(*)}\ell^+\ell^-$ decays}",
      journal        = "Phys. Rev. D",
      volume         = "66",
      pages          = "094018",
      doi            = "10.1103/PhysRevD.66.094018",
      year           = "2002",
      eprint         = "hep-ph/0209352",
      archivePrefix  = "arXiv",
      primaryClass   = "hep-ph",
      SLACcitation   = "%%CITATION = HEP-PH/0209352;%%"
}

@article{Grinstein:2004vb,
      author         = "Grinstein, Benjamin and Pirjol, Dan",
      title          = "Exclusive rare {$B \to K^* \ell^+ \ell^-$} decays at low recoil:
                        controlling the long-distance effects",
      journal        = "Phys. Rev. D",
      volume         = "70",
      pages          = "114005",
      doi            = "10.1103/PhysRevD.70.114005",
      year           = "2004",
      eprint         = "hep-ph/0404250",
      archivePrefix  = "arXiv",
      primaryClass   = "hep-ph",
      reportNumber   = "CTP-MIT-3490",
      SLACcitation   = "%%CITATION = HEP-PH/0404250;%%"
}

@article{Bobeth:2010wg,
      author         = "Bobeth, Christoph and Hiller, Gudrun and van Dyk, Danny",
      title          = "The benefits of {$\overline{B} \to \overline{K}^* \ell^+ \ell^-$} decays
                        at low recoil",
      journal        = "JHEP",
      volume         = "07",
      pages          = "098",
      doi            = "10.1007/JHEP07(2010)098",
      year           = "2010",
      eprint         = "1006.5013",
      archivePrefix  = "arXiv",
      primaryClass   = "hep-ph",
      reportNumber   = "CERN-PH-TH-2010-134, DO-TH-10-08",
      SLACcitation   = "%%CITATION = ARXIV:1006.5013;%%"
}

@article{Bobeth:2011nj,
      author         = "Bobeth, Christoph and Hiller, Gudrun and van Dyk, Danny and Wacker, Christian",
      title          = "{The decay $\overline{B} \to \overline{K} \ell^+ \ell^-$ at low hadronic recoil and
                        model-independent $\Delta B = 1$ constraints}",
      journal        = "JHEP",
      volume         = "01",
      pages          = "107",
      doi            = "10.1007/JHEP01(2012)107",
      year           = "2012",
      eprint         = "1111.2558",
      archivePrefix  = "arXiv",
      primaryClass   = "hep-ph",
      reportNumber   = "DO-TH-11-23, EOS-2011-03",
      SLACcitation   = "%%CITATION = ARXIV:1111.2558;%%"
}

@article{Bobeth:2012vn,
      author         = "Bobeth, Christoph and Hiller, Gudrun and van Dyk, Danny",
      title          = "General analysis of {$\overline{B} \to \overline{K}{}^{(*)} \ell^+ \ell^-$}
                        decays at low recoil",
      journal        = "Phys. Rev. D",
      volume         = "87",
      pages          = "034016",
      doi            = "10.1103/PhysRevD.87.034016",
      year           = "2012",
      eprint         = "1212.2321",
      archivePrefix  = "arXiv",
      primaryClass   = "hep-ph",
      reportNumber   = "DO-TH-12-16, EOS-2012-02, SI-HEP-2012-21, QFET-2012-02",
      SLACcitation   = "%%CITATION = ARXIV:1212.2321;%%"
}

@article{Khodjamirian:2010,
     author        = "A. Khodjamirian and Th. Mannel and A. A. Pivovarov and  Y.-M. Wang",
     title         = "Charm-loop effect in ${B \rightarrow K^{(*)} \ell^+ \ell^-}$ and $ B \rightarrow {K}^*~\gamma$",
     journal       = "JHEP",
     volume        = "09",
     year          = "2010",
     pages         = "089",
     doi           = "10.1007/JHEP09(2010)089",
     eprint        = "1006.4945",
     archivePrefix = "arXiv",
     primaryClass  = "hep-ph"
}

@article{Ali:2006ew,
      author         = "Ali, A. and Kramer, G. and Zhu, Guohuai",
      title          = "{$B\to K^*\ell^+\ell^-$ decay in soft-collinear effective theory}",
      journal        = "Eur. Phys. J. C",
      volume         = "47",
      pages          = "625",
      bothpages      = "625-641",
      doi            = "10.1140/epjc/s2006-02596-4",
      year           = "2006",
      eprint         = "hep-ph/0601034",
      archivePrefix  = "arXiv",
      primaryClass   = "hep-ph",
      reportNumber   = "DESY-06-002",
      SLACcitation   = "%%CITATION = HEP-PH/0601034;%%"
}

@article{Altmannshofer:2011gn,
      author         = "Altmannshofer, Wolfgang and Paradisi, Paride and Straub,
                        David M.",
      title          = "{Model-independent constraints on new physics in $b \to s$ transitions}",
      journal        = "JHEP",
      volume         = "04",
      pages          = "008",
      doi            = "10.1007/JHEP04(2012)008",
      year           = "2012",
      eprint         = "1111.1257",
      archivePrefix  = "arXiv",
      primaryClass   = "hep-ph",
      reportNumber   = "CERN-PH-TH-2011-275-FERMILAB-PUB-11-597-T",
      SLACcitation   = "%%CITATION = ARXIV:1111.1257;%%"
}

@article{Jager:2012uw,
      author         = "J{\"a}ger, S. and Martin Camalich, J.",
      title          = "{On $B \to V \ell \ell$ at small dilepton invariant mass, power
                        corrections, and new physics}",
      journal        = "JHEP",
      volume         = "05",
      pages          = "043",
      doi            = "10.1007/JHEP05(2013)043",
      year           = "2013",
      eprint         = "1212.2263",
      archivePrefix  = "arXiv",
      primaryClass   = "hep-ph",
      SLACcitation   = "%%CITATION = ARXIV:1212.2263;%%"
}

@article{Descotes-Genon:2013vna,
      author         = "Descotes-Genon, Sebastien and Hurth, Tobias and Matias,
                        Joaquim and Virto, Javier",
      title          = "{Optimizing the basis of $B \to {K}^{*}\ell^+ \ell^-$
                        observables in the full kinematic range}",
      journal        = "JHEP",
      volume         = "05",
      pages          = "137",
      doi            = "10.1007/JHEP05(2013)137",
      year           = "2013",
      eprint         = "1303.5794",
      archivePrefix  = "arXiv",
      primaryClass   = "hep-ph",
      reportNumber   = "UAB-FT-732, LPT-ORSAY-13-24, MITP-13-020",
      SLACcitation   = "%%CITATION = ARXIV:1303.5794;%%"
}

@article{Altmannshofer:2008dz,
      author         = "Altmannshofer, Wolfgang and Ball, Patricia and Bharucha,
                        Aoife and Buras, Andrzej J. and Straub, David M. and
                        Wick, Michael",
      title          = "{Symmetries and asymmetries of $B \to K^{*} \mu^{+} \mu^{-}$ decays in the Standard Model and beyond}",
      journal        = "JHEP",
      volume         = "01",
      pages          = "019",
      doi            = "10.1088/1126-6708/2009/01/019",
      year           = "2009",
      eprint         = "0811.1214",
      archivePrefix  = "arXiv",
      primaryClass   = "hep-ph",
      reportNumber   = "IPPP-08-58, DCPT-08-116, TUM-HEP-696-08",
      SLACcitation   = "%%CITATION = ARXIV:0811.1214;%%"
}

@article{Melikhov:1998cd,
      author         = "Melikhov, D. and Nikitin, N. and Simula, S.",
      title          = "{Probing right-handed currents in $B \to K^* \ell^+ \ell^-$ transitions}",
      journal        = "Phys. Lett. B",
      volume         = "442",
      pages          = "381",
      bothpages          = "381-389",
      doi            = "10.1016/S0370-2693(98)01271-4",
      year           = "1998",
      eprint         = "hep-ph/9807464",
      archivePrefix  = "arXiv",
      primaryClass   = "hep-ph",
      reportNumber   = "INFN-RM3-98-1",
      SLACcitation   = "%%CITATION = HEP-PH/9807464;%%"
}

@article{Ali:1999mm,
      author         = "Ali, Ahmed and Ball, Patricia and Handoko, L. T. and
                        Hiller, G.",
      title          = "{A comparative study of the decays $B \to (K, K^*) \ell^+ \ell^-$ in the standard model and
                        supersymmetric theories}",
      journal        = "Phys. Rev. D",
      volume         = "61",
      pages          = "074024",
      doi            = "10.1103/PhysRevD.61.074024",
      year           = "2000",
      eprint         = "hep-ph/9910221",
      archivePrefix  = "arXiv",
      primaryClass   = "hep-ph",
      reportNumber   = "SLAC-PUB-8269, DESY-99-146, CERN-TH-99-298, LNF-99-026-P",
      SLACcitation   = "%%CITATION = HEP-PH/9910221;%%"
}

@article{Buchalla:2000sk,
      author         = "Buchalla, Gerhard and Hiller, Gudrun and Isidori, Gino",
      title          = "{Phenomenology of nonstandard $Z$ couplings in exclusive
                        semileptonic $b \to s$ transitions}",
      journal        = "Phys. Rev. D",
      volume         = "63",
      pages          = "014015",
      doi            = "10.1103/PhysRevD.63.014015",
      year           = "2000",
      eprint         = "hep-ph/0006136",
      archivePrefix  = "arXiv",
      primaryClass   = "hep-ph",
      reportNumber   = "SLAC-PUB-8430, CERN-TH-2000-156, TUM-HEP-374-00",
      SLACcitation   = "%%CITATION = HEP-PH/0006136;%%"
}

@article{Feldmann:2002iw,
      author         = "Feldmann, Thorsten and Matias, Joaquim",
      title          = "{Forward-backward and isospin asymmetry for $B \to K^* \ell^+ \ell^-$ decay
                         in the standard model and in supersymmetry}",
      journal        = "JHEP",
      volume         = "01",
      pages          = "074",
      year           = "2003",
      eprint         = "hep-ph/0212158",
      doi            = "10.1088/1126-6708/2003/01/074",
      archivePrefix  = "arXiv",
      primaryClass   = "hep-ph",
      reportNumber   = "UAB-FT-536, PITHA-02-20",
      SLACcitation   = "%%CITATION = HEP-PH/0212158;%%"
}

@article{Hiller:2003js,
      author         = "Hiller, Gudrun and Kr{\"u}ger, Frank",
      title          = "{More model-independent analysis of $b \to s$ processes}",
      journal        = "Phys. Rev. D",
      volume         = "69",
      pages          = "074020",
      doi            = "10.1103/PhysRevD.69.074020",
      year           = "2004",
      eprint         = "hep-ph/0310219",
      archivePrefix  = "arXiv",
      primaryClass   = "hep-ph",
      reportNumber   = "LMU-18-03, TUM-HEP-519-03",
      SLACcitation   = "%%CITATION = HEP-PH/0310219;%%"
}

@article{Kruger:2005ep,
      author         = "Kr{\"u}ger, Frank and Matias, Joaquim",
      title          = "{Probing new physics via the transverse amplitudes of $B^0 \to K^{*0}(\to K^-\pi^+)\ell^+\ell^-$
                        at large recoil}",
      journal        = "Phys. Rev. D",
      volume         = "71",
      pages          = "094009",
      doi            = "10.1103/PhysRevD.71.094009",
      year           = "2005",
      eprint         = "hep-ph/0502060",
      archivePrefix  = "arXiv",
      primaryClass   = "hep-ph",
      reportNumber   = "UAB-FT-560",
      SLACcitation   = "%%CITATION = HEP-PH/0502060;%%"
}

@article{Hovhannisyan:2007pb,
      author         = "Hou, Wei-Shu and Hovhannisyan, Artyom and Mahajan, Namit",
      title          = "{$B \to K^* \ell^+ \ell^-$ forward-backward asymmetry and new physics}",
      journal        = "Phys. Rev. D",
      volume         = "77",
      pages          = "014016",
      doi            = "10.1103/PhysRevD.77.014016",
      year           = "2008",
      eprint         = "hep-ph/0701046",
      archivePrefix  = "arXiv",
      primaryClass   = "hep-ph",
      SLACcitation   = "%%CITATION = HEP-PH/0701046;%%"
}

@article{Hurth:2008jc,
      author         = "Hurth, Tobias and Isidori, Gino and Kamenik, Jernej F.
                        and Mescia, Federico",
      title          = "{Constraints on new physics in MFV models: A
                        model-independent analysis of $\Delta F = 1$ processes}",
      journal        = "Nucl. Phys. B",
      volume         = "808",
      pages          = "326",
      bothpages          = "326-346",
      doi            = "10.1016/j.nuclphysb.2008.09.040",
      year           = "2009",
      eprint         = "0807.5039",
      archivePrefix  = "arXiv",
      primaryClass   = "hep-ph",
      reportNumber   = "SLAC-PUB-13342, CERN-PH-TH-2008-161",
      SLACcitation   = "%%CITATION = ARXIV:0807.5039;%%"
}

@article{Alok:2009tz,
      author         = "Alok, Ashutosh Kumar and Dighe, Amol and Ghosh, Diptimoy
                        and London, David and Matias, Joaquim and Nagashima, Makiko and Szynkman, Alejandro",
      title          = "{New-physics contributions to the forward-backward
                        asymmetry in $B\to K^*\mu^+\mu^-$}",
      journal        = "JHEP",
      volume         = "02",
      pages          = "053",
      doi            = "10.1007/JHEP02(2010)053",
      year           = "2010",
      eprint         = "0912.1382",
      archivePrefix  = "arXiv",
      primaryClass   = "hep-ph",
      reportNumber   = "UDEM-GPP-TH-09-186, TIFR-TH-09-43, UAB-FT-675",
      SLACcitation   = "%%CITATION = ARXIV:0912.1382;%%"
}
@article{Alok:2010zd,
      author         = "Alok, Ashutosh Kumar and Datta, Alakabha and Dighe, Amol
                        and Duraisamy, Murugeswaran and Ghosh, Diptimoy and
                        London, David",
      title          = "{New physics in $b \to s \mu^+ \mu^-$: CP-conserving
                        observables}",
      journal        = "JHEP",
      volume         = "11",
      pages          = "121",
      doi            = "10.1007/JHEP11(2011)121",
      year           = "2011",
      eprint         = "1008.2367",
      archivePrefix  = "arXiv",
      primaryClass   = "hep-ph",
      reportNumber   = "UDEM-GPP-TH-10-191, UMISS-HEP-2010-01, TIFR-TH-10-23",
      SLACcitation   = "%%CITATION = ARXIV:1008.2367;%%"
}

@article{Chang:2010zy,
      author         = "Chang, Qin and Li, Xin-Qiang and Yang, Ya-Dong",
      title          = "{$B \to K^* \ell^+ \ell^-$, $K \ell^+ \ell^-$ decays in a family
                        non-universal $Z^{\prime}$ model}",
      journal        = "JHEP",
      volume         = "04",
      pages          = "052",
      doi            = "10.1007/JHEP04(2010)052",
      year           = "2010",
      eprint         = "1002.2758",
      archivePrefix  = "arXiv",
      primaryClass   = "hep-ph",
      SLACcitation   = "%%CITATION = ARXIV:1002.2758;%%"
}

@article{DescotesGenon:2011yn,
      author         = "Descotes-Genon, Sebastien and Ghosh, Diptimoy and Matias,
                        Joaquim and Ramon, Marc",
      title          = "{Exploring new physics in the C$_7$-C$_{7'}$ plane}",
      journal        = "JHEP",
      volume         = "06",
      pages          = "099",
      doi            = "10.1007/JHEP06(2011)099",
      year           = "2011",
      eprint         = "1104.3342",
      archivePrefix  = "arXiv",
      primaryClass   = "hep-ph",
      SLACcitation   = "%%CITATION = ARXIV:1104.3342;%%"
}

@article{Matias:2012xw,
      author         = "Matias, Joaquim and Mescia, Federico and Ramon, Marc and
                        Virto, Javier",
      title          = "{Complete anatomy of $\overline{B}_d \to \overline{K}^{* 0}
                        (\to K \pi) \ell^+ \ell^-$ and its angular distribution}",
      journal        = "JHEP",
      volume         = "04",
      pages          = "104",
      doi            = "10.1007/JHEP04(2012)104",
      year           = "2012",
      eprint         = "1202.4266",
      archivePrefix  = "arXiv",
      primaryClass   = "hep-ph",
      SLACcitation   = "%%CITATION = ARXIV:1202.4266;%%"
}

@article{DescotesGenon:2012zf,
      author         = "Descotes-Genon, Sebastien and Matias, Joaquim and Ramon,
                        Marc and Virto, Javier",
      title          = "{Implications from clean observables for the binned
                        analysis of $B \to K^*\mu^+\mu^-$ at large recoil}",
      journal        = "JHEP",
      volume         = "01",
      pages          = "048",
      doi            = "10.1007/JHEP01(2013)048",
      year           = "2013",
      eprint         = "1207.2753",
      archivePrefix  = "arXiv",
      primaryClass   = "hep-ph",
      reportNumber   = "UAB-FT-275, LPT-ORSAY-12-81",
      SLACcitation   = "%%CITATION = ARXIV:1207.2753;%%"
}

@article{BaBar,
      author         = "Aubert, Bernard and others",
      title          = "Angular distributions in the decay {$B \to K^* \ell^+ \ell^-$}",
      collaboration  = "BaBar",
      journal        = "Phys. Rev. D",
      volume         = "79",
      pages          = "031102",
      doi            = "10.1103/PhysRevD.79.031102",
      year           = "2009",
      eprint         = "0804.4412",
      archivePrefix  = "arXiv",
      primaryClass   = "hep-ex",
      reportNumber   = "SLAC-PUB-13133, BABAR-PUB-08-001",
      SLACcitation   = "%%CITATION = ARXIV:0804.4412;%%"
}

@article{Belle,
      author         = "Wei, J.-T. and others",
      title          = "Measurement of the differential branching fraction and forward-backward asymmetry for {$B \to K^{(*)} \ell^+ \ell^-$}",
      collaboration  = "Belle",
      journal        = "Phys. Rev. Lett.",
      volume         = "103",
      pages          = "171801",
      doi            = "10.1103/PhysRevLett.103.171801",
      year           = "2009",
      eprint         = "0904.0770",
      archivePrefix  = "arXiv",
      primaryClass   = "hep-ex",
      reportNumber   = "BELLE-PREPRINT-2009-7, KEK-PREPRINT-2008-56",
      SLACcitation   = "%%CITATION = ARXIV:0904.0770;%%"
}

@article{CDF,
      author         = "Aaltonen, T. and others",
      title          = "Measurements of the angular distributions in the decays
                        {$B \to K^{(*)} \mu^+ \mu^-$} at {CDF}",
      collaboration  = "CDF",
      journal        = "Phys. Rev. Lett.",
      volume         = "108",
      pages          = "081807",
      doi            = "10.1103/PhysRevLett.108.081807",
      year           = "2012",
      eprint         = "1108.0695",
      archivePrefix  = "arXiv",
      primaryClass   = "hep-ex",
      reportNumber   = "FERMILAB-PUB-11-364-PPD",
      SLACcitation   = "%%CITATION = ARXIV:1108.0695;%%"
}

@article{CDF_BR,
      author         = "Aaltonen, T. and others",
      title          = "{Measurement of the forward-backward asymmetry in the $B \to K^{(*)} \mu^+ \mu^-$
                         decay and first observation of the $B^0_s \to \phi \mu^+ \mu^-$ decay}",
      collaboration  = "CDF",
      journal        = "Phys. Rev. Lett.",
      volume         = "106",
      pages          = "161801",
      doi            = "10.1103/PhysRevLett.106.161801",
      year           = "2011",
      eprint         = "1101.1028",
      archivePrefix  = "arXiv",
      primaryClass   = "hep-ex",
      reportNumber   = "FERMILAB-PUB-11-005-E",
      SLACcitation   = "%%CITATION = ARXIV:1101.1028;%%"
}

@article{LHCb,
      author         = "Aaij, R. and others",
      title          = "{Differential branching fraction and angular analysis of
                        the decay $B^{0} \to K^{*0} \mu^{+}\mu^{-}$}",
      collaboration  = "LHCb",
      journal        = "JHEP",
      volume         = "08",
      pages          = "131",
      doi            = "10.1007/JHEP08(2013)131",
      year           = "2013",
      eprint         = "1304.6325",
      archivePrefix  = "arXiv",
      primaryClass   = "hep-ex",
      reportNumber   = "CERN-PH-EP-2013-074, LHCB-PAPER-2013-019",
      SLACcitation   = "%%CITATION = ARXIV:1304.6325;%%"
}

@article{LHCb_old,
      author         = "Aaij, R and others",
      title          = "Differential branching fraction and angular analysis of
                        the decay $B^{0} \to K^{*0} \mu^+ \mu^-$",
      collaboration  = "LHCb",
      journal        = "Phys. Rev. Lett.",
      volume         = "108",
      pages          = "181806",
      doi            = "10.1103/PhysRevLett.108.181806",
      year           = "2012",
      eprint         = "1112.3515",
      archivePrefix  = "arXiv",
      primaryClass   = "hep-ex",
      reportNumber   = "LHCB-PAPER-2011-020, CERN-PH-EP-2011-211",
      SLACcitation   = "%%CITATION = ARXIV:1112.3515;%%"
}

@article{CMS:2011,
      author         = "Chatrchyan, Serguei and others",
      title          = "{Angular analysis and branching fraction measurement of
                        the decay $B^0 \to K^{*0} \mu^+\mu^-$}",
      collaboration  = "CMS",
      journal        = "Phys. Lett. B",
      volume         = "727",
      pages          = "77",
      bothpages          = "77-100",
      doi            = "10.1016/j.physletb.2013.10.017",
      year           = "2013",
      eprint         = "1308.3409",
      archivePrefix  = "arXiv",
      primaryClass   = "hep-ex",
      reportNumber   = "CMS-BPH-11-009, CERN-PH-EP-2013-152",
      SLACcitation   = "%%CITATION = ARXIV:1308.3409;%%"
}

@article{CMS:2012,
      author         = "Chatrchyan, Serguei and others",
      title          = "{Angular analysis of the decay $B^0 \to K^{*0} \mu^+\mu^-$
                        from pp collisions at $\sqrt{s}=8$~TeV}",
      collaboration  = "CMS",
      journal        = "Phys. Lett. B",
      volume         = "753",
      pages          = "424",
      bothpages      = "424-428",
      doi            = "10.1016/j.physletb.2015.12.020",
      year           = "2016",
      eprint         = "1507.08126",
      archivePrefix  = "arXiv",
      primaryClass   = "hep-ex",
}

@article{CMS,
      author         = "Chatrchyan, S. and others",
      collaboration  = "CMS",
      title          = "The {CMS} experiment at the {CERN} {LHC}",
      journal        = "JINST",
      volume         = "3",
      pages          = "S08004",
      doi            = "10.1088/1748-0221/3/08/S08004",
      year           = "2008",
      SLACcitation   = "%%CITATION = JINST,3,S08004;%%"
}

@article{Chatrchyan:2012xi,
      author         = "Chatrchyan, Serguei and others",
      title          = "{Performance of CMS muon reconstruction in pp collision
                        events at $\sqrt{s}=7$ TeV}",
      collaboration  = "CMS",
      journal        = "JINST",
      volume         = "7",
      pages          = "P10002",
      doi            = "10.1088/1748-0221/7/10/P10002",
      year           = "2012",
      eprint         = "1206.4071",
      archivePrefix  = "arXiv",
      primaryClass   = "physics.ins-det",
      reportNumber   = "CMS-MUO-10-004, CERN-PH-EP-2012-173",
      SLACcitation   = "%%CITATION = ARXIV:1206.4071;%%"
}

@article{TRK-11-001,
      author         = "Chatrchyan, Serguei and others",
      title          = "{Description and performance of track and
                        primary-vertex reconstruction with the CMS
                        tracker}",
      collaboration  = "CMS",
      journal        = "JINST",
      volume         = "9",
      pages          = "P10009",
      doi            = "10.1088/1748-0221/9/10/P10009",
      year           = "2014",
      eprint         = "1405.6569",
      archivePrefix  = "arXiv",
      primaryClass   = "physics.ins-det",
      reportNumber   = "CMS-TRK-11-001, CERN-PH-EP-2014-070",
      SLACcitation   = "%%CITATION = ARXIV:1405.6569;%%"
}

@Techreport{LUMI,
     author    = "Chatrchyan, Serguei and others",
     collaboration = "CMS",
     title     = "{CMS luminosity based on pixel cluster counting - Summer 2013 update}",
     url       = "http://cds.cern.ch/record/1598864",
     type      = "CMS Physics Analysis Summary",
     number    = "CMS-PAS-LUM-13-001",
     year      = "2013"
}

@article{Pythia,
      author         = "Sj{\"o}strand, Torbj{\"o}rn and Mrenna, Stephen and Skands, Peter",
      title          = "{PYTHIA} 6.4 physics and manual",
      journal        = "JHEP",
      volume         = "05",
      pages          = "026",
      doi            = "10.1088/1126-6708/2006/05/026",
      year           = "2006",
      eprint         = "hep-ph/0603175",
      archivePrefix  = "arXiv",
      primaryClass   = "hep-ph",
      reportNumber   = "FERMILAB-PUB-06-052-CD-T, LU-TP-06-13",
      SLACcitation   = "%%CITATION = HEP-PH/0603175;%%"
}

@article{EvtGen,
      author         = "Lange, D. J.",
      title          = "The {EvtGen} particle decay simulation package",
      journal        = "Nucl. Instrum. Meth. A",
      volume         = "462",
      pages          = "152",
      bothpages          = "152-155",
      doi            = "10.1016/S0168-9002(01)00089-4",
      year           = "2001",
      SLACcitation   = "%%CITATION = NUIMA,A462,152;%%"
}

@article{Geant4,
    author     = "Agostinelli, S. and others",
     collaboration = "GEANT4",
     title     = "{\GEANTfour---a simulation toolkit}",
     journal   = "Nucl. Instrum. Meth. A",
     volume    = "506",
     year      = "2003",
     pages     = "250",
     doi       = "10.1016/S0168-9002(03)01368-8",
     SLACcitation = "%%CITATION = NUIMA,A506,250;%%"}
}

@article{PHOTOS,
     author        = "{E.~Barberio, and Z.~Was}",
     title         = "{Photos---a universal Monte Carlo for QED radiative corrections in \cPZ\ and W decays}",
     journal       = "Eur. Phys. J. C",
     volume        = "45",
     pages         = "97",
     doi           = "10.1140/epjc/s2005-02396-4",
     year          = "2006",
     eprint        = "hep-ph/0506026",
     archivePrefix = "arXiv",
     primaryClass  = "hep-ph"
}

@article{Becirevic:2012dp,
      author         = "Be\v{c}irevi\'{c}, Damir and Tayduganov, Andrey",
      title          = "{Impact of $B\to K^{*0} \ell^+\ell^-$ on the new
                        physics search in $B\to K^* \ell^+\ell^-$ decay}",
      journal        = "Nucl. Phys. B",
      volume         = "868",
      pages          = "368",
      bothpages          = "368-382",
      doi            = "10.1016/j.nuclphysb.2012.11.016",
      year           = "2013",
      eprint         = "1207.4004",
      archivePrefix  = "arXiv",
      primaryClass   = "hep-ph",
      reportNumber   = "LPT-12-79, LAL-12-274",
      SLACcitation   = "%%CITATION = ARXIV:1207.4004;%%"
}

@article{Matias:2012qz,
      author         = "Matias, Joaquim",
      title          = "{On the S-wave pollution of $B \to K^* \ell^+\ell^-$ observables}",
      journal        = "Phys. Rev. D",
      volume         = "86",
      pages          = "094024",
      doi            = "10.1103/PhysRevD.86.094024",
      year           = "2012",
      eprint         = "1209.1525",
      archivePrefix  = "arXiv",
      primaryClass   = "hep-ph",
      reportNumber   = "UAB-FT-722",
      SLACcitation   = "%%CITATION = ARXIV:1209.1525;%%"
}

@article{Blake:Swave,
      author         = "Blake, Thomas and Egede, Ulrik and Shires, Alex",
      title          = "The effect of {$S$}-wave interference on the {$B^0 \rightarrow K^{*0} \ell^+ \ell^-$} angular observables",
      journal        = "JHEP",
      volume         = "03",
      pages          = "027",
      doi            = "10.1007/JHEP03(2013)027",
      year           = "2013",
      eprint         = "1210.5279",
      archivePrefix  = "arXiv",
      primaryClass   = "hep-ex"
}

@article{Bobeth:2011gi,
      author         = "Bobeth, Christoph and Hiller, Gudrun and van Dyk, Danny",
      title          = "More benefits of semileptonic rare $B$ decays at low
                        recoil: {CP} violation",
      journal        = "JHEP",
      volume         = "07",
      pages          = "067",
      doi            = "10.1007/JHEP07(2011)067",
      year           = "2011",
      eprint         = "1105.0376",
      archivePrefix  = "arXiv",
      primaryClass   = "hep-ph",
      reportNumber   = "DO-TH-10-16",
      SLACcitation   = "%%CITATION = ARXIV:1105.0376;%%"
}

@article{Beylich:2011aq,
      author         = "Beylich, M. and Buchalla, G. and Feldmann, T.",
      title          = "{Theory of $B \to K^{(*)}\ell^+\ell^-$ decays at high $q^2$: OPE and quark-hadron duality}",
      journal        = "Eur. Phys. J. C",
      volume         = "71",
      pages          = "1635",
      doi            = "10.1140/epjc/s10052-011-1635-0",
      year           = "2011",
      eprint         = "1101.5118",
      archivePrefix  = "arXiv",
      primaryClass   = "hep-ph",
      reportNumber   = "CERN-PH-TH-2010-305",
      SLACcitation   = "%%CITATION = ARXIV:1101.5118;%%"
}

@article{Grinstein:2002cz,
      author         = "Grinstein, Benjamin and Pirjol, Dan",
      title          = "{Symmetry-breaking corrections to heavy meson form-factor relations}",
      journal        = "Phys. Lett. B",
      volume         = "533",
      pages          = "8",
      bothpages          = "8-16",
      doi            = "10.1016/S0370-2693(02)01601-5",
      year           = "2002",
      eprint         = "hep-ph/0201298",
      archivePrefix  = "arXiv",
      primaryClass   = "hep-ph",
      reportNumber   = "UCSD-PTH-02-02",
      SLACcitation   = "%%CITATION = HEP-PH/0201298;%%"
}

@article{Ball:2004rg,
      author         = "Ball, Patricia and Zwicky, Roman",
      title          = "{$B_{d,s} \to \rho,\:\omega,\:K^*,\:\phi$} decay form factors from
                       light-cone sum rules reexamined",
      journal        = "Phys. Rev. D",
      volume         = "71",
      pages          = "014029",
      doi            = "10.1103/PhysRevD.71.014029",
      year           = "2005",
      eprint         = "hep-ph/0412079",
      archivePrefix  = "arXiv",
      primaryClass   = "hep-ph"
}

@article{Bharucha:2015,
      author         = "Bharucha, A. and Straub, D. M. and Zwicky, R.",
      title          = "$B \to V \ell^+ \ell^-$ in the Standard Model from light-cone sum rules",
      journal        = "JHEP",
      volume         = "08",
      pages          = "098",
      doi            = "10.1007/JHEP08(2016)098",
      year           = "2016",
      eprint         = "1503.05534",
      archivePrefix  = "arXiv",
      primaryClass   = "hep-ph",
      reportNumber   = "TUM-HEP-957/14, CP3-Origins-2015-010, DNRF90 DIAS-2015-10"
}

@article{Egede:2008uy,
      author         = "Egede, Ulrik and Hurth, Tobias and Matias, Joaquim and Ramon, Marc and
                        Reece, Will",
      title          = "New observables in the decay mode $\overline{B}_d \to \overline{K}^{*0} \ell^+ \ell^-$",
      journal        = "JHEP",
      volume         = "11",
      pages          = "032",
      doi            = "10.1088/1126-6708/2008/11/032",
      year           = "2008",
      eprint         = "0807.2589",
      archivePrefix  = "arXiv",
      primaryClass   = "hep-ph",
      reportNumber   = "SLAC-PUB-13307, UAB-FT-2008-652, CERN-TH-2008-155",
      SLACcitation   = "%%CITATION = ARXIV:0807.2589;%%"
}

@Article{B0CrossS,
     author        = "Chatrchyan, S. and others",
     collaboration = "CMS",
     title         = "Measurement of the $\PBz$ production cross section in pp collisions at $\sqrt{s} = 7~\TeV$",
     journal       = "Phys. Rev. Lett.",
     volume        = "106",
     year          = "2011",
     pages         = "252001",
     URL           = "http://arxiv.org/abs/1104.2892v2",
     eprint        = "1104.2892v2",
     archivePrefix = "arXiv",
     primaryClass  = "hep-ex"
}

@article{PDG,
      author         = "{Particle Data Group} and Patrignani, C. and others",
      title          = "{The Review of Particle Physics}",
      journal        = "Chin. Phys. C",
      volume         = "40",
      pages          = "100001",
      doi            = "10.1088/1674-1137/40/10/100001",
      year           = "2016",
      SLACcitation   = "%%CITATION = CHPHD,C38,090001;%%"
}

@article{Aaij:2012dda,
      author         = "Aaij, R and others",
      title          = "{Measurement of relative branching fractions of B decays
                        to $\psi(2S)$ and $J/\psi$ mesons}",
      collaboration  = "LHCb",
      journal        = "Eur. Phys. J. C",
      volume         = "72",
      pages          = "2118",
      doi            = "10.1140/epjc/s10052-012-2118-7",
      year           = "2012",
      eprint         = "1205.0918",
      archivePrefix  = "arXiv",
      primaryClass   = "hep-ex",
      reportNumber   = "CERN-PH-2012-113, LHCB-PAPER-2012-010",
      SLACcitation   = "%%CITATION = ARXIV:1205.0918;%%"
}

@article{Minuit,
      author         = "James, F. and Roos, M.",
      title          = "{Minuit---a system for function minimization and analysis
                        of the parameter errors and correlations}",
      journal        = "Comput. Phys. Commun.",
      volume         = "10",
      pages          = "343",
      bothpages          = "343-367",
      doi            = "10.1016/0010-4655(75)90039-9",
      year           = "1975",
      reportNumber   = "CERN-DD-75-20",
      SLACcitation   = "%%CITATION = CPHCB,10,343;%%"
}

@article{BaBar_BR,
      author         = "Lees, J. P. and others",
      title          = "{Measurement of branching fractions and rate asymmetries
                        in the rare decays $B \to K^{(*)} \ell^+ \ell^-$}",
      collaboration  = "BaBar",
      journal        = "Phys. Rev. D",
      volume         = "86",
      pages          = "032012",
      doi            = "10.1103/PhysRevD.86.032012",
      year           = "2012",
      eprint         = "1204.3933",
      archivePrefix  = "arXiv",
      primaryClass   = "hep-ex",
      reportNumber   = "SLAC-PUB-14957, BABAR-PUB-12-002",
      SLACcitation   = "%%CITATION = ARXIV:1204.3933;%%"
}

@article{Lunghi:2006hc,
      author         = "Lunghi, E. and Matias, J.",
      title          = "{Huge right-handed current effects in $B \to K^*(K \pi)\ell^+\ell^-$
                        in supersymmetry}",
      journal        = "JHEP",
      volume         = "04",
      pages          = "058",
      doi            = "10.1088/1126-6708/2007/04/058",
      year           = "2007",
      eprint         = "hep-ph/0612166",
      archivePrefix  = "arXiv",
      primaryClass   = "hep-ph",
      reportNumber   = "FERMILAB-PUB-06-457-T, CERN-PH-TH-2006-255, UAB-FT-617",
      SLACcitation   = "%%CITATION = HEP-PH/0612166;%%"
}

@article{Khodjamirian:2012rm,
      author         = "Khodjamirian, A. and Mannel, Th. and Wang, Y.-M.",
      title          = "{$B \to K \ell^{+}\ell^{-}$ decay at large hadronic
                        recoil}",
      journal        = "JHEP",
      volume         = "02",
      pages          = "010",
      doi            = "10.1007/JHEP02(2013)010",
      year           = "2013",
      eprint         = "1211.0234",
      archivePrefix  = "arXiv",
      primaryClass   = "hep-ph",
      reportNumber   = "SI-HEP-2012-10",
      SLACcitation   = "%%CITATION = ARXIV:1211.0234;%%"
}

@Techreport{Theory:feyn,
     author    = "{U.~Egede}",
     title     = "Angular correlations in the $\overline{B}{}^0 \to \overline{K}{}^{*0} \mu^+ \mu^-$ decay",
     type      = "CERN-LHCb",
     number    = "057",
     year      = "2007"
}

@article{Horgan:2013hoa,
      author         = "Horgan, Ronald R. and Liu, Zhaofeng and Meinel, Stefan
                        and Wingate, Matthew",
      title          = "{Lattice QCD calculation of form factors describing the
                        rare decays $B \to K^* \ell^+ \ell^-$ and $B_s \to \phi
                        \ell^+ \ell^-$}",
      journal        = "Phys. Rev. D",
      NOTnumber      = "9",
      volume         = "89",
      pages          = "094501",
      doi            = "10.1103/PhysRevD.89.094501",
      year           = "2014",
      eprint         = "1310.3722",
      archivePrefix  = "arXiv",
      primaryClass   = "hep-lat",
      reportNumber   = "DAMTP-2013-45, MIT-CTP-4507",
      SLACcitation   = "%%CITATION = ARXIV:1310.3722;%%"
}

@InProceedings{Barlow:2004wg,
      author         = "Barlow, Roger",
      title          = "Asymmetric statistical errors",
      editor         = "Lyons, Louis and Karagoz, Muge",
      booktitle      = "Statistical problems in particle physics, astrophysics and cosmology: PHYSTAT 05, Oxford, UK, September 12-15, 2005",
      publisher      = "Imperial College Press",
      pages          = "56",
      bothpages      = "56-59",
      year           = "2006",
      eprint         = "physics/0406120",
      archivePrefix  = "arXiv",
      primaryClass   = "physics",
      reportNumber   = "MAN-HEP-04-02",
      SLACcitation   = "%%CITATION = PHYSICS/0406120;%%"
}

@book{opac-b1089297,
   title = "Multivariate density estimation: theory, practice, and visualization",
   author = "Scott, David W.",
   series = "Wiley series in probability and mathematical statistics: Applied probability and statistics section",
   publisher = "Wiley-Interscience",
   address = "New York, Chichester, Brisbane",
   url = "http://opac.inria.fr/record=b1089297",
   isbn = "0-471-54770-0",
   year = 1992
}

@article{Cranmer:2000du,
      author         = "Cranmer, Kyle S.",
      title          = "{Kernel estimation in high-energy physics}",
      journal        = "Comput. Phys. Commun.",
      volume         = "136",
      year           = "2001",
      pages          = "198",
      doi            = "10.1016/S0010-4655(00)00243-5",
      eprint         = "hep-ex/0011057",
      archivePrefix  = "arXiv",
      primaryClass   = "hep-ex",
      SLACcitation   = "%%CITATION = HEP-EX/0011057;%%"
}

@article{HEPfit01,
      author         = "Ciuchini, M. and Fedele, M. and Franco, E. and Mishimad, S. and Paul, A. and Silvestrini, L. and Valli, M.",
      title          = "{$B \to K^* \ell^+\ell^-$  decays at large recoil in the Standard Model: a theoretical reappraisal}",
      journal        = "JHEP",
      volume         = "06",
      pages          = "116",
      doi            = "10.1007/JHEP06(2016)116",
      year           = "2016",
      eprint         = "1512.07157",
      archivePrefix  = "arXiv",
      primaryClass   = "hep-ex"
}

@article{HEPfit02,
      author         = "Ciuchini, M. and Fedele, M. and Franco, E. and Mishimad, S. and Paul, A. and Silvestrini, L. and Valli, M.",
      title          = "{$B \to K^* \ell^+\ell^-$  in the Standard Model: elaborations and interpretations}",
      journal        = "Proceedings of the 38th International Conference on High Energy Physics, 3-10 August 2016, Chicago, USA",
      year           = "2016",
      eprint         = "1611.04338",
      archivePrefix  = "arXiv",
      primaryClass   = "hep-ex"
}

@article{FC,
      author         = "Feldman, G. J. and Cousins, R. D.",
      title          = "Unified approach to the classical statistical analysis of small signals",
      journal        = "Phys. Rev. D",
      volume         = "57",
      pages          = "3873",
      doi            = "10.1103/PhysRevD.57.3873",
      year           = "1998",
      eprint         = "physics/9711021",
      archivePrefix  = "arXiv",
      primaryClass   = "physics"
}

@article{Khachatryan:2016bia,
      author         = "Khachatryan, Vardan and others",
      title          = "{The CMS trigger system}",
      collaboration  = "CMS",
      journal        = "JINST",
      volume         = "12",
      pages          = "P01020",
      doi            = "10.1088/1748-0221/12/01/P01020",
      year           = "2017",
      eprint         = "1609.02366",
      archivePrefix  = "arXiv",
      primaryClass   = "physics.ins-det",
      reportNumber   = "CMS-TRG-12-001, CERN-EP-2016-160",
      SLACcitation   = "%%CITATION = ARXIV:1609.02366;%%"
}
