% !TEX root = tutto.tex

% cap1
@ARTICLE{ARG,
   author = {{Albrecht}, H. {\textit{et al.} (ARGUS Collaboration)}},
  journal = {Physics Letters B},
     year = 1994,
    month = mar,
   volume = 324,
    pages = {249-254},
      doi = {10.1016/0370-2693(94)90415-4}
}% rep 1
    %%title = "{A study of $\overline{\mathrm{B}^0}\rarr\mathrm{D}^{*+}$ {\ell} $^{-}$overlinevandB $^{0}$overlineB$^{0}$ mixing using partial D $^{*+}$ reconstruction}",
@ARTICLE{CLE,
   author = {{Bartelt}, J. {\textit{et al.} (CLEO Collaboration)}},
  journal = {Physical Review Letters},
 keywords = {Charge conjugation parity time reversal and other discrete symmetries, Decays of other mesons},
     year = 1993,
    month = sep,
   volume = 71,
    pages = {1680-1684},
      doi = {10.1103/PhysRevLett.71.1680}
}
    %title = "{Two measurements of B$^{0}$B{\macr}$^{0}$ mixing}",
@ARTICLE{CLE1,
   author = {{Behrens}, B.~H. {\textit{et al.} (CLEO Collaboration)}},
  journal = {Physics Letters B},
   eprint = {hep-ex/0005013},
     year = 2000,
    month = sep,
   volume = 490,
    pages = {36-44},
      doi = {10.1016/S0370-2693(00)00990-4}
}
    %title = "{Precise measurement of B$^{0}$-{\lt}OVL STYLE=''s''{\gt}B$^{0}$overline mixing parameters at the /{Upsilon}(4S)}",
@ARTICLE{DEL,
   author = {{Abdallah}, J. {\textit{et al.} (DELPHI Collaboration)}},
  journal = {European Physical Journal C},
   eprint = {hep-ex/0303032},
     year = 2003,
    month = may,
   volume = 28,
    pages = {155-173}
}
    %title = "{Search for B$^{0}$$_{s-}$/line$\{$B\^{}0\_s$\}$ oscillations and a measurement of B$^{0}$$_{d-}$/line$\{$B\^{}0\_d$\}$ oscillations using events with an inclusively reconstructed vertex}",
@ARTICLE{CDF,
   author = {{Affolder}, T. {\textit{et al.} (CDF Collaboration)}},
  journal = {Phys. Rev. D},
   eprint = {hep-ex/9907053},
 keywords = {Bottom mesons, Decays of bottom mesons},
     year = 1999,
    month = dec,
   volume = 60,
   number = 11,
      eid = {112004},
    pages = {112004},
      doi = {10.1103/PhysRevD.60.112004}
}% rep 4
    %title = "{Measurement of the B$^{0}$B{\macr}$^{0}$ oscillation frequency using l$^{-}$D$^{*+}$ pairs and lepton flavor tags}",
@ARTICLE{D0,
   author = {{Abazov}, V.~M. {\textit{et al.} (D\O Collaboration)}},
  journal = {Phys. Rev. D},
   eprint = {hep-ex/0609034},
 keywords = {Determination of Kobayashi-Maskawa matrix elements},
     year = 2006,
    month = dec,
   volume = 74,
   number = 11,
      eid = {112002},
    pages = {112002},
      doi = {10.1103/PhysRevD.74.112002}
}
    %title = "{Measurement of B$_{d}$ mixing using opposite-side flavor tagging}",
@article{ALE,
	author = {{Buskulic}, D. {\textit{et al.} (ALEPH Collaboration)}},
	 journal = {Zeitschrift fur Physik C Particles and Fields},
     	year = 1997,
   	volume = 75,
 	pages = {397}
}
@article{DEL1,
	author = {{Abreu}, P. {\textit{et al.} (DELPHI Collab.)}},
	 journal = {Zeitschrift fur Physik C Particles and Fields},
	volume = 76,
	pages = {579},
	year = 1997
}
@ARTICLE{L3,
   author = {{Acciarri}, M. {\textit{et al.} (L3 Collab.)}},
  journal = {European Physical Journal C},
     year = 1998,
    month = aug,
   volume = 5,
    pages = {195-203}
}
    %title = "{Measurement of the  B$_{}$ d$^{{}$ 0- $\{$B$\}$$_{}$ d$^{}$ 0$\}$ oscillation frequency}",
@ARTICLE{OPA,
   author = {{Ward}, D.~R. {\textit{et al.} (OPAL Collab.)}},
  journal = {Physics Letters B},
   eprint = {hep-ex/0010013},
     year = 2000,
   volume = 493,
    pages = {266-280},
      doi = {10.1016/S0370-2693(00)01145-X}
}% rep 2
 %title = "{Measurement of the B\^{}0 lifetime and oscillation frequency using B\^{}0-{\gt}D\^{}*\^{}+@?\^{}- decays}",
    %month = nov,
@article{OPA1,
	author = {{Ackerstaff}, K. {\textit{et al.} (OPAL Collab.)}},
	journal = {Zeitschrift fur Physik C Particles and Fields},
	volume = 76,
	pages = 401,
	year = 1997
}
@ARTICLE{BaBa,
   author = {{Aubert}, B. {\textit{et al.} (BaBar Collab.)}},
  journal = {Phys. Rev. D},
   eprint = {hep-ex/0604037},
 keywords = {Decays of bottom mesons, Charge conjugation parity time reversal and other discrete symmetries, Determination of Kobayashi-Maskawa matrix elements},
     year = 2006,
    month = jun,
   volume = 73,
   number = 11,
      eid = {112004},
    pages = {112004},
      doi = {10.1103/PhysRevD.73.112004}
}% rep 4
    %title = "{Measurement of branching fractions and CP-violating charge asymmetries for B-meson decays to D$^{(*)}$D{\macr}$^{(*)}$, and implications for the Cabibbo-Kobayashi-Maskawa angle {$\gamma$}}",
@ARTICLE{Bel,
   author = {{Abe}, K. {\textit{et al.} (Belle Collab.)}},
  journal = {Phys. Rev. D},
   eprint = {hep-ex/0408111},
 keywords = {Charge conjugation parity time reversal and other discrete symmetries, Determination of Kobayashi-Maskawa matrix elements, Decays of bottom mesons, Publisher's note},
     year = 2005,
    month = apr,
   volume = 71,
   number = 7,
      eid = {079903},
    pages = {079903},
      doi = {10.1103/PhysRevD.71.079903}
}% rep 2
    %title = "{Publisher's Note: Improved measurement of CP-violation parameters sin(2{\phiv}$_{1}$ and |{$\lambda$}|, B meson lifetimes, and B$^{0}$-B{\macr}$^{0}$ mixing parameter {$\Delta$}m$_{d}$ [Phys. Rev. D 71, 072003 (2005) ]}",
@ARTICLE{LHb,
   author = {{Aaij}, R. {\textit{et al.} (LHCb Collab.)}},
  journal = {Physics Letters B},
     year = 2012,
   volume = 709,
    pages = {177-184},
      doi = {10.1016/j.physletb.2012.02.031}
}
    %title = "{Measurement of the Bs0-Bbars0 oscillation frequency {$\Delta$}m in Bs0{\rarr}Ds-(3){$\pi$} decays}",
@ARTICLE{CDF1,
   author = {{Abulencia}, A. {\textit{et al.} (CDF Collab.)}},
  journal = {Physical Review Letters},
   eprint = {hep-ex/0609040},
 keywords = {Bottom mesons, Quark and lepton masses and mixing, Determination of Kobayashi-Maskawa matrix elements, Decays of bottom mesons},
     year = 2006,
    month = dec,
   volume = 97,
   number = 24,
      eid = {242003},
    pages = {242003},
      doi = {10.1103/PhysRevLett.97.242003}
}
   %title = "{Observation of B$_{s}$$^{0}$-B{\macr}$_{s}$$^{0}$ Oscillations}",
 @ARTICLE{LHb1,
   author = {{Aaij}, R. {\textit{et al.} (LHCb Collab.)}},
  journal = {Physics Letters B},
     year = 2013,
    month = feb,
   volume = 719,
    pages = {318-325},
      doi = {10.1016/j.physletb.2013.01.019}
}
    %title = "{Measurement of the B$^{0}$-B oscillation frequency {$\Delta$}m$_{d}$ with the decays B$^{0}${\rarr}D$^{-}${$\pi$}$^{+}$ and B$^{0}${\rarr}J/{$\psi$}K$^{*0}$}",
@ARTICLE{LHb2,
   author = {{Aaij}, R. {\textit{et al.} (LHCb Collab.)}},
  journal = {European Physical Journal C},
     year = 2013,
    month = dec,
   volume = 73,
    pages = {2655},
      doi = {10.1140/epjc/s10052-013-2655-8},
   adsurl = {http://adsabs.harvard.edu/abs/2013EPJC...73.2655A},
  adsnote = {Provided by the SAO/NASA Astrophysics Data System}
}
    %title = "{Observation of - mixing and measurement of mixing frequencies using semileptonic B decays}",
@ARTICLE{LHb3,
   author = {{Aaij}, R. {\textit{et al.} (LHCb Collab.)}},
  journal = {New Journal of Physics},
archivePrefix = "arXiv",
   eprint = {1304.4741},
 primaryClass = "hep-ex",
     year = 2013,
    month = may,
   volume = 15,
   number = 5,
      eid = {053021},
    pages = {053021},
      doi = {10.1088/1367-2630/15/5/053021}
}
    %title = "{Precision measurement of the B$^{0}$$_{s}$-$\backslash$overlineB$\{$$\}$\^{}0\_s oscillation frequency with the decay B$^{0}$$_{s}$ {\rarr} D$^{-}$$_{s}${$\pi$}$^{+}$}",
@ARTICLE{LHb4,
   author = {{Aaij}, R. {\textit{et al.} (LHCb Collab.)}},
  journal = {Phys. Rev. D},
 keywords = {Bottom mesons},
     year = 2013,
    month = jun,
   volume = 87,
   number = 11,
      eid = {112010},
    pages = {112010},
      doi = {10.1103/PhysRevD.87.112010}
}
    %title = "{Measurement of CP violation and the B$_{s}$$^{0}$ meson decay width difference with B$_{s}$$^{0}${\rarr}J/{$\psi$}K$^{+}$K$^{-}$ and B$_{s}$$^{0}${\rarr}J/{$\psi$}{$\pi$}$^{+}${$\pi$}$^{-}$ decays}",
@ARTICLE{LHb5,
   author = {{Aaij}, R. {\textit{et al.} (LHCb Collab.)}},
  journal = {Journal of High Energy Physics},
archivePrefix = "arXiv",
   eprint = {1301.5286},
 primaryClass = "hep-ex",
 keywords = {Hadron-Hadron Scattering, Branching fraction, B physics, Flavor physics},
     year = 2013,
    month = apr,
   volume = 4,
    pages = {1},
      doi = {10.1007/JHEP04(2013)001}
}
    %title = "{Measurement of the fragmentation fraction ratio f $_{ s }$ /f $_{ d }$ and its dependence on B meson kinematics}",
@ARTICLE{HFA,
   author = {{Amhis}, Y. {\textit{et al.} (Heavy Flavor Averaging Group)}},
  journal = {ArXiv e-prints},
archivePrefix = "arXiv",
   eprint = {1207.1158},
 primaryClass = "hep-ex",
 keywords = {High Energy Physics - Experiment, High Energy Physics - Phenomenology},
     year = 2012,
    month = jul
}
    %title = "{Averages of b-hadron, c-hadron, and tau-lepton properties as of early 2012}",
@article{PDG,
  title={Review of Particle Physics, 2014-2015},
  author={{Olive}, K.A.},
  journal={Chin. Phys. C},
  volume={38},
  pages={090001},
  year={2014}
}
@Article{LEPc,
 author        = {{Schael}, S. {\textit{et al.} (ALEPH, DELPHI, L3, OPAL, SLD, LEP Electroweak Working Group, SLD Electroweak Group, SLD Heavy Flavour Group)}}",
 journal       = "Phys. Rept.",
 volume        = "427",
 pages         = "257",
 year          = "2006",
 eprint        = "hep-ex/0509008",
 archivePrefix = "arXiv",
}
%title         = "Precision electroweak measurements on the Z resonance",
 @ARTICLE{Teva,
   author = {{Acosta}, D. {\textit{et al.}}},

  journal = {Phys. Rev. D},
   eprint = {hep-ex/0309030},
 keywords = {Inclusive production with identified leptons photons or other nonhadronic particles, Decays of other mesons},
     year = 2004,
    month = jan,
   volume = 69,
   number = 1,
      eid = {012002},
    pages = {012002},
      doi = {10.1103/PhysRevD.69.012002}
}
    %title = "{Measurement of the average time-integrated mixing probability of b-flavored hadrons produced at the Fermilab Tevatron}",
@ARTICLE{Teva1,
   author = {{Abazov}, V.~M. {\textit{et al.}}},
  journal = {Phys. Rev. D},
   eprint = {hep-ex/0609014},
 keywords = {Decays of bottom mesons, Bottom mesons},
     year = 2006,
    month = nov,
   volume = 74,
   number = 9,
      eid = {092001},
    pages = {092001},
      doi = {10.1103/PhysRevD.74.092001}
}
    %title = "{Measurement of the CP-violation parameter of B$^{0}$ mixing and decay with pp{\macr}{\rarr}{$\mu$}{$\mu$}X data}",

% cap2
@article{LHC,
      author         =  {{Bruning}, O.~S. {\textit{et al.}}},
      editor         = {{Bruning}, O.~S.},
      year           = "2004",
      reportNumber   = "CERN-2004-003-V-1, CERN-2004-003"
}
     % title          = "{LHC Design Report. 1. The LHC Main Ring}",
@ARTICLE{ATL,
   author = {{Aad}, G. {\textit{et al.} (ATLAS Collab.)}},
  journal = {Journal of Instrumentation},
     year = 2008,
    month = aug,
   volume = 3,
    pages = {8003},
      doi = {10.1088/1748-0221/3/08/S08003}
}
    %title = "{The ATLAS Experiment at the CERN Large Hadron Collider}",
@ARTICLE{CMS,
   author = {{Chatrchyan}, S. {\textit{et al.} (CMS Collab.)}},
  journal = {Journal of Instrumentation},
     year = 2008,
    month = aug,
   volume = 3,
    pages = {8004},
      doi = {10.1088/1748-0221/3/08/S08004}
}
    %title = "{The CMS experiment at the CERN LHC}",
@ARTICLE{LHbr,
   author = {{Alves}, Jr., A.~A. {\textit{et al.} (LHCb Collab.)}},
  journal = {Journal of Instrumentation},
     year = 2008,
    month = aug,
   volume = 3,
    pages = {8005},
      doi = {10.1088/1748-0221/3/08/S08005}
}
    %title = "{The LHCb Detector at the LHC}",
@ARTICLE{ALI,
   author = {{Aamodt}, K. {\textit{et al.} (ALICE Collab.)}},
  journal = {Journal of Instrumentation},
     year = 2008,
    month = aug,
   volume = 3,
    pages = {8002},
      doi = {10.1088/1748-0221/3/08/S08002}
}
    %title = "{The ALICE experiment at the CERN LHC}",
@book{CMS1,
      author        = {{Bayatian}, G.~L. {\textit{et al.} (CMS Collab.)}},
      title         = "{CMS Physics: Technical Design Report Volume 1: Detector
                       Performance and Software}",
      publisher     = "CERN",
      collaboration = "CMS Collaboration",
      address       = "Geneva",
      series        = "Technical Design Report CMS",
      year          = "2006",
}
@book{mag,
      author        = {{CMS Collab.}},
      title         = "{The CMS magnet project: Technical Design Report}",
      publisher     = "CERN",
      collaboration = "CMS Collaboration",
      address       = "Geneva",
      series        = "Technical Design Report CMS",
      year          = "1997",
}
@book{trs,
      author        = {{Karimäki}, V. {\textit{et al.} (CMS Collab.)}},
      title         = "{The CMS tracker system project: Technical Design Report}",
      publisher     = "CERN",
      collaboration = "CMS Collaboration",
      address       = "Geneva",
      series        = "Technical Design Report CMS",
      year          = "1997",
}
@techreport{CFT,
      author        = {{Adam}, W. {\textit{et al.} (CMS Collab.)}},
      title         = "{Track Reconstruction in the CMS tracker}",
      institution   = "CERN",
      address       = "Geneva",
      number        = "CMS-NOTE-2006-041",
      month         = "Dec",
      year          = "2006",
}
@techreport{Kal1,
      author        = {{Speer}, T. {\textit{et al.} (CMS Collab.)}},
      title         = "{Vertex Fitting in the CMS Tracker}",
      institution   = "CERN",
      address       = "Geneva",
      number        = "CMS-NOTE-2006-032",
      month         = "Feb",
      year          = "2006",
}
@book{muo,
      author        = {{CMS Collab.}},
      title         = "{The CMS muon project: Technical Design Report}",
      publisher     = "CERN",
      collaboration = "CMS Collaboration",
      address       = "Geneva",
      series        = "Technical Design Report CMS",
      year          = "1997",
}
@book{ECA,
      author        = {{CMS Collab.}},
      title         = "{The CMS electromagnetic calorimeter project: Technical
                       Design Report}",
      publisher     = "CERN",
      collaboration = "CMS Collaboration",
      address       = "Geneva",
      series        = "Technical Design Report CMS",
      year          = "1997",
}
@book{HCA,
      author        = {{CMS Collab.}},
      title         = "{The CMS hadron calorimeter project: Technical Design
                       Report}",
      publisher     = "CERN",
      collaboration = "CMS Collaboration",
      address       = "Geneva",
      series        = "Technical Design Report CMS",
      year          = "1997",
}
@book{L1,
      author        = {{Bayatyan}, G.~L. {\textit{et al.} (CMS Collab.)}},
      title         = "{CMS TriDAS project: Technical Design Report, Volume 1:
                       The Trigger Systems}",
      collaboration = "CMS Collaboration",
      series        = "Technical Design Report CMS",
}
@book{HLT,
      author        = {{Cittolin}, S. {\textit{et al.}}},
      title         = "{CMS The TriDAS Project: Technical Design Report, Volume
                       2: Data Acquisition and High-Level Trigger. CMS trigger and
                       data-acquisition project}",
      publisher     = "CERN",
      collaboration = "CMS Collaboration",
      address       = "Geneva",
      series        = "Technical Design Report CMS",
      year          = "2002",
}
@ARTICLE{PHY,
   author = {{Sj{\"o}strand}, T. and {Mrenna}, S. and {Skands}, P.},
    title = "{PYTHIA 6.4 physics and manual}",
   eprint = {hep-ph/0603175},
     year = 2006,
    month = may,
   volume = 5,
      eid = {026},
    pages = {26},
      doi = {10.1088/1126-6708/2006/05/026}
}
 % journal = {Journal of High Energy Physics},

% cap3
@ARTICLE{Isi,
   author = {{Gedalia}, O.  \textit{et al.}},
  journal = {Physical Review Letters},
archivePrefix = "arXiv",
   eprint = {1212.4611},
 primaryClass = "hep-ph",
     year = 2013,
    month = jun,
   volume = 110,
   number = 23,
      eid = {232002},
    pages = {232002},
      doi = {10.1103/PhysRevLett.110.232002},
}
    %%title = "{Top B Physics at the LHC}",
 %keywords = {Top quarks, Charge conjugation parity time reversal and other discrete symmetries, Decays of bottom mesons},
 	@Article{TMV,
author 	=	{{Hoecker}, A. {\textit{et al.}}},
journal 	 = 	"PoS",
volume 	 = 	"ACAT",
year 	 = 	"2007",
pages 	 = 	"040",
eprint 	 = 	"physics/0703039",
archivePrefix 	 = 	"arXiv"
}
%%title 	 = 	"{TMVA: Toolkit for Multivariate Data Analysis}",
@article{MAD,
	author = {J. Alwall  \textit{et al.}},
	journal = {JHEP},
	volume = {06},
	pages = {128},
	year = {2011},
      doi = {10.1007/JHEP06(2011)128}
}
@article{CTE,
	author = {J. Pumplin \textit{et al.}},
	journal = {JHEP},
	volume = {07},
	pages = {012},
	year = {2002}
}
@article{MLM,
	author = {M.L. Mangano \textit{et al.}},
	journal = {JHEP},
	volume = {01},
	pages = {2007},
	year = {013}
}
@article{GEA,
	author = {S. Agostinelli \textit{et al.}},
	journal = {Nucl. Instrum. Meth. A},
	volume = {506},
	pages = {250},
	year = {2003}
}
@article{POW,
	author = {S. Frixione \textit{et al.}},
	journal = {JHEP},
	volume = {11},
	pages = {070},
	year = {1007}
}
@article{NNL,
	author = {N. Kidonakis \textit{et al.}},
title = {[arXiv:1210.7813 [hep-ph]]},
	archivePrefix = "arXiv",
  	eprint = {1210.7813},
 	primaryClass = "hep-ph"
}
@article{Z2T,
	author = {R. Field},
	journal = {Acta Physica Polonica B},
	volume = {42},
	pages = {2631},
	year = {2011}
}
@article{NLO,
	author = {J.M.Campbell \textit{et al.}},
	journal = {JHEP},
	volume = {07},
	pages = {018},
	year = {2011}
}
@ARTICLE{Roo,
   author = {{Verkerke}, W. and {Kirkby}, D.},
title = {arXiv:physics/0306116 [physics.data-an]},
   eprint = {physics/0306116},
}
   % %title = "{The RooFit toolkit for data modeling}",
@misc{TFF,
	howpublished = "\url{http://root.cern.ch/root/doc/RootDoc.html}"

}

@article{Ada,
	author = {Y. Freund and R.E. Schapire},
	journal = {J. of Computer and System Science},
	volume = {55},
	pages = {119},
	year = {1997}
}
@article{bag,
	author = {L. Breiman, J. Friedman, R. Olshen and C. Stone},
	journal = {Wadsworth},
	year = {1984}
}
	%title = {Classification and Regression Trees},
	%pages = {},
