--- COMMENTS may be placed outside the @ENTRYTYPE{ ... } stuctures
--- CMS guidelines
---- All URLs for CMS notes, ANs, etc, should refer to the CDS server, not the CMS server. Use our standard format for them, as shown below.
---- If a collaboration is referenced by the collaboration name, it should be listed in the AUTHOR field. If by a first author + "and others", the collaboration name must be listed in the COLLABORATION field.
---- We use the collaboration in preference to the author field, but most journals will list both, so include both.
---- Number of authors to list:
---- PRL requests that we include all authors up to fifteen except for large collaborations, and we take this as our internal guide as well.
---- The individual journal bib style file (theirs, ours, PLB, etc.) will truncate at the appropriate point. We have ours set to _3_ as
---- a reminder to list the appropriate number. For large collaborations, just use first author + "and others".
---- Use only the URL field instead of embedding an href (this is a change in our practice).
---- A reference only published on the arXiv should be listed as UNPUBLISHED (with a note "Submitted to XXX" for CMS or ATLAS papers).
---- Some journals will lowercase the title: use {} to protect words which must be capitalized, e.g., {LHC}, {TeV}, {CERN}, {CMS}. Do not escape the entire title as it will then clash with the journal style.
---- Journal names: the journals generally include the series in the journal name, "Physical Review D", vol 5, rather than PR D5

@article{PYTHIA,
  author={Torbjörn Sjöstrand and Stephen Mrenna and Peter Skands},
  title={PYTHIA 6.4 physics and manual},
  journal={Journal of High Energy Physics},
  volume={2006},
  number={05},
  pages={026},
  url={http://stacks.iop.org/1126-6708/2006/i=05/a=026},
  year={2006},
}
@article{Lange2001152,
title = "The EvtGen particle decay simulation package ",
journal = "Nuclear Instruments and Methods in Physics Research Section A: Accelerators, Spectrometers, Detectors and Associated Equipment ",
volume = "462",
number = "1–2",
pages = "152 - 155",
year = "2001",
note = "BEAUTY2000, Proceedings of the 7th Int. Conf. on B-Physics at Hadron Machines ",
issn = "0168-9002",
doi = "http://dx.doi.org/10.1016/S0168-9002(01)00089-4",
url = "http://www.sciencedirect.com/science/article/pii/S0168900201000894",
author = "David J. Lange",
keywords = "Monte Carlo",
keywords = "Event generator "
}

	

@Article{Theory:1991,
     author        = "{A.~Ali, T.~Mannel, and T.~Morozumi}",
     title         = "Forward-Backward asymmetry of dilepton angular distribution in the decay $b \to s \ell^+ \ell^-$",
     journal       = "Phys. Lett. B",
     volume        = "273",
     year          = "1991",
     pages         = "505-512"
}
@Techreport{Theory:feyn,
     author    = "{U.~Egede}",
     title     = "Angular correlations in the $\overline{\rm B}{}^0 \rightarrow \overline{\rm K}{}^{*0} \mu^+ \mu^-$ decay",
     type      = "CERN-LHCb",
     number    = "057",
     year      = "2007",
}
@Article{Theory:2006,
     author        = "{A.~Ali, G.~Kramer, and G-.h.~Zhu}",
     title         = "$\rm B \to K^* \ell^+ \ell^-$ in soft-collinear-effective-theory",
     journal       = "Eur. Phys. J. C",
     volume        = "47",
     year          = "2006",
     pages         = "625-641",
     URL           = "http://arxiv.org/abs/hep-ph/0601034",
     eprint        = "0601034",
     archivePrefix = "arXiv",
     primaryClass  = "hep-ph"
}
@Article{Theory:2008,
     author        = "{C.~Bobeth, G.~Hiller, and G.~Piranishvili}",
     title         = "CP asymmetries in ${\rm B}^0 \rightarrow \overline{\rm K}{}^* (\rightarrow \overline{\rm K} \pi) {\rm \overline{\ell} \ell}$
and untagged ${\rm \overline{B}}_s$, ${\rm B}_s \rightarrow \phi (\rightarrow {\rm K^+ K^-}) {\rm \overline{\ell} \ell}$",
     journal       = "JHEP",
     volume        = "07",
     year          = "2008",
     pages         = "106",
     URL           = "http://arxiv.org/abs/0805.2525",
     eprint        = "0805.2525",
     archivePrefix = "arXiv",
     primaryClass  = "hep-ph"
}

@article{P1boundary0,
  title={Measurements of the Angular Distributions in the Decays B→ K (*) $\mu$+ $\mu$- at CDF},
  author={Aaltonen, Terhi and Gonzalez, B Alvarez and Amerio, Silvia and Amidei, D and Anastassov, A and Annovi, A and Antos, J and Apollinari, G and Appel, JA and Apresyan, A and others},
  journal={Physical review letters},
  volume={108},
  number={8},
  pages={081807},
  year={2012},
  publisher={APS}
}

@article{P1boundary1,
  title={New physics in b→ s$\mu$+ $\mu$-: CP-conserving observables},
  author={Alok, Ashutosh Kumar and Datta, Alakabha and Dighe, Amol and Duraisamy, Murugeswaran and Ghosh, Diptimoy and London, David},
  journal={Journal of High Energy Physics},
  volume={2011},
  number={11},
  pages={1--49},
  year={2011},
  publisher={Springer}
}


@Article{TheoryHigh:2010,
     author        = "{A.~Khodjamirian, T.~Mannel, A.A.~Pivovarov, Y.-M.~Wang}",
     title         = "Charm-loop effect in ${\rm B \rightarrow K^{(*)} \ell^+ \ell^-}$ and ${\rm B} \rightarrow {\rm K}^*~\gamma$",
     journal       = "JHEP",
     volume        = "1009",
     year          = "2010",
     pages         = "089",
     doi           = "10.1007/JHEP09(2010)089",
     URL           = "http://arxiv.org/abs/1006.4945",
     eprint        = "1006.4945",
     archivePrefix = "arXiv",
     primaryClass  = "hep-ph"
}
@Article{TheoryLow:2010,
     author        = "{C.~Bobeth, G.~Hiller, and D.~van~Dyk}",
     title         = "The benefits of ${\rm B \rightarrow K^* \ell^+ \ell^-}$ decays at low recoil",
     journal       = "JHEP",
     volume        = "1007",
     year          = "2010",
     pages         = "098",
     URL           = "http://arxiv.org/abs/1006.5013",
     eprint        = "1006.5013",
     archivePrefix = "arXiv",
     primaryClass  = "hep-ph"
}
@Unpublished{Theory:2011,
     author        = "{C.~Bobeth, G.~Hiller, D.~van~Dyk, and C.~Wacker}",
     title         = "The decay ${\rm B \rightarrow K \ell^+ \ell^-}$ at low hadronic recoil and model-independent delta $B = 1$ constraints",
     URL           = "http://arxiv.org/abs/1111.2558",
     eprint        = "1111.2558",
     archivePrefix = "arXiv",
     primaryClass  = "hep-ph",
     year          = "2011"
}
@Article{CMSB0,
      author         = "Chatrchyan, Serguei and others",
      title          = "{Angular analysis and branching fraction measurement of the decay $B^0 \to K^{*0} \mu^+\mu^-$}",
      collaboration  = "CMS",
      journal        = "Phys. Lett. B",
      volume         = "727",
      pages          = "77",
      bothpages      = "77-100",
      doi            = "10.1016/j.physletb.2013.10.017",
      year           = "2013",
      eprint         = "1308.3409",
      archivePrefix  = "arXiv",
      primaryClass   = "hep-ex",
      reportNumber   = "CMS-BPH-11-009, CERN-PH-EP-2013-152",
      SLACcitation   = "%%CITATION = ARXIV:1308.3409;%%",
}
@Article{BaBar,
     author        = "{B.~Aubert et al.}",
collaboration      = "BaBar",
     title         = "Angular distributions in the decays ${\rm B \rightarrow K^* \ell^+ \ell^-}$",
     journal       = "Phys. Rev. D",
     volume        = "79",
     year          = "2009",
     pages         = "031102",
     URL           = "http://arxiv.org/abs/0804.4412",
     eprint        = "0804.4412",
     archivePrefix = "arXiv",
     primaryClass  = "hep-ex"
}
@Article{BaBar2,
     author        = "{B.~Aubert et al.}",
collaboration      = "BaBar",
     title         = "Time-integrated and time-dependent angular analyses of ${B \rightarrow J/ \psi K \pi }$: A measurement of ${cos 2\beta}$ with no sign ambiguity from strong phases",
     journal       = "Phys. Rev. D",
     volume        = "71",
     year          = "2005",
     pages         = "032005",
     doi           = "10.1103/PhysRevD.71.032005"
}
@Article{Ali:1999mm,
      author         = "Ali, Ahmed and Ball, Patricia and Handoko, L. T. and Hiller, G.",
      title          = "{A comparative study of the decays $B \to (K, K^*) \ell^+ \ell^-$ in standard model and supersymmetric theories}",
      journal        = "Phys. Rev. D",
      volume         = "61",
      pages          = "074024",
      doi            = "10.1103/PhysRevD.61.074024",
      year           = "2000",
      eprint         = "hep-ph/9910221",
      archivePrefix  = "arXiv",
      primaryClass   = "hep-ph",
      reportNumber   = "SLAC-PUB-8269, DESY-99-146, CERN-TH-99-298, LNF-99-026-P",
}
@Article{Belle,
     author        = "{J.T.~Wei et al.}",
collaboration      = "Belle",
     title         = "Measurement of the differential branching fraction and forward-backward asymmetry for ${\rm B \rightarrow K(^*) \ell^+ \ell^-}$",
     journal       = "Phys. Rev. Lett.",
     volume        = "103",
     year          = "2009",
     pages         = "171801",
     URL           = "http://arxiv.org/abs/0810.0335",
     eprint        = "0810.0335",
     archivePrefix = "arXiv",
     primaryClass  = "hep-ex"
}
@Article{CDF,
     author        = "{T.~Aaltonen et al.}",
collaboration      = "CDF",
     title         = "Measurements of the angular distributions in the decays ${\rm B} \rightarrow {\rm K}(^*) \mu^+ \mu^-$ at CDF",
     journal       = "Phys. Rev. Lett.",
     volume        = "108",
     year          = "2012",
     pages         = "081807",
     URL           = "http://arxiv.org/abs/0810.0335",
     eprint        = "0810.0335",
     archivePrefix = "arXiv",
     primaryClass  = "hep-ex"
}
@Article{LHCb1,
     author        = "{LHCb Collaboration}",
collaboration      = "LHCb",
     title         = "Differential branching fraction and angular analysis of the decay ${\rm B} \rightarrow {\rm K}(^*) \mu^+ \mu^-$",
     journal       = "Phys. Rev. Lett.",
     volume        = "108",
     year          = "2012",
     pages         = "181806",
     URL           = "http://arxiv.org/abs/1112.3515",
     eprint        = "1112.3515",
     archivePrefix = "arXiv",
     primaryClass  = "hep-ex"
}
@Article{LHCb2,
     author        = "{LHCb Collaboration}",
collaboration      = "LHCb",
     title         = "Differential branching fraction and angular analysis of the decay ${\rm B} \rightarrow {\rm K}(^*) \mu^+ \mu^-$",
     journal       = "JHEP",
     volume        = "8",
     year          = "2013",
     pages         = "131",
     URL           = "http://arxiv.org/abs/1304.6325",
     eprint        = "1304.6325",
     archivePrefix = "arXiv",
     primaryClass  = "hep-ex"
}
@Article{LHCb3,
     author        = "{R. Aaij, et al.}",
collaboration      = "LHCb",
     title         = "Measurement of relative branching fractions of B decays to $\psi$(2S) and J/$\psi$ mesons",
     journal       = "Eur. Phys. J. C",
     volume        = "72",
     year          = "2012",
     pages         = "2118",
     URL           = "http://arxiv.org/abs/1205.0918",
     eprint        = "1205.0918",
     archivePrefix = "arXiv",
     primaryClass  = "hep-ex"
}
@Article{LHCb4,
     author        = "{R. Aaij, et al.}",
collaboration      = "LHCb",
     title         = "Measurement of the polarization amplitude in ${\rm B} \rightarrow \JPsi {\rm K}^*(892)^0$ decays",
     journal       = "Phys. Rev. D",
     volume        = "88",
     year          = "2013",
     pages         = "052002",
     URL           = "http://arxiv.org/abs/1307.2782",
     eprint        = "1307.2782",
     archivePrefix = "arXiv",
     primaryClass  = "hep-ex"
}
@Article{CMS,
     author    = "{CMS Collaboration}",
     title     = "The CMS experiment at the CERN LHC",
     journal   = "JINST",
     volume    = "3",
     year      = "2008",
     pages     = "S08004",
     doi       = "10.1088/1748-0221/3/08/S08004"
}
@Techreport{LUMI,
     author    = "{CMS Collaboration}",
     title     = "CMS luminosity based on pixel cluster counting - Summer 2013 update",
     type      = "CMS Physics Analysis Summary CMS-PAS-LUM",
     number    = "2013/001",
     year      = "2013"
}
@Techreport{PHOTOS,
     author    = "{E.~Barberio, and Z.~Was}",
     title     = "Photos - a universal Monte Carlo for QED radiative corrections in decays",
     type      = "CERN-TH",
     number    = "7033-93",
     year      = "1993"
}
@Article{GEANT4,
     author    = "{GEANT4 Collaboration}",
collaboration  = "GEANT4",
     title     = "GEANT4 - a simulation toolkit",
     journal   = "Nucl. Instrum. Meth. A",
     volume    = "506",
     year      = "2003",
     pages     = "250-303",
     doi       = "10.1016/S0168-9002(03)01368-8"
}
@Article{PHI,
     author    = "{CMS Collaboration}",
     title     = "Observation of a peaking structure in the J/$\psi \phi$ mass spectrum from ${\rm B}^{\pm} \to {\rm J}/\psi \phi K^{\pm}$ decays",
     journal   = "Phys. Lett. B",
     volume    = "734",
     year      = "2014",
     pages     = "261-281",
     doi       = "10.1016/j.physletb.2014.05.055"
}
@Article{Genon:Swave,
      author         = "{S.~Descotes-Genon, T.~Hurth, J.~Matias, and J.~Virto}",
      title          = "Optimizing the basis of ${\rm B} \to {\rm K}^* \ell^+ \ell^-$ observables in the full kinematic range",
      journal        = "JHEP",
      volume         = "1305",
      pages          = "137",
      doi            = "10.1007/JHEP05(2013)137",
      year           = "2013",
      URL            = "http://arxiv.org/abs/1303.5794",
      eprint         = "1303.5794",
      archivePrefix  = "arXiv",
      primaryClass   = "hep-ph"
}
@Article{Blake:Swave,
      author         = "{T.~Blake, U.~Egede, and A.~Shires}",
      title          = "The effect of $S$-wave interference on the ${\rm B^0 \rightarrow K^{*0} \ell^+ \ell^-}$ angular observables",
      journal        = "JHEP",
      volume         = "03",
      pages          = "027",
      doi            = "10.1007/JHEP03(2013)027",
      year           = "2013",
      URL            = "http://arxiv.org/abs/1210.5279",
      eprint         = "1210.5279",
      archivePrefix  = "arXiv",
      primaryClass   = "hep-ph"
}
@Article{BABAR:resFL1,
     author    = "{B.~Aubert et al.}",
collaboration  = "BaBar",
     title     = "Time-integrated and time-dependent angular analyses of $\PBz \rightarrow \JPsi {\rm K} \pi$: a measurement of cos 2$\beta$
with no sign ambiguity from strong phases",
     journal   = "Phys. Rev. D",
     volume    = "71",
     year      = "2005",
     pages     = "032005",
     doi       = "10.1103/PhysRevD.71.032005"
}
@Article{BABAR:resFL2,
     author    = "{B.~Aubert et al.}",
collaboration  = "BaBar",
     title     = "Measurement of decay amplitudes of ${\rm B} \rightarrow \JPsi {\rm K}^*$, $\psi{\rm (2S) K}^*$, and $\chi_{c1} {\rm K}^*$ with an angular analysis",
     journal   = "Phys. Rev. D",
     volume    = "76",
     year      = "2007",
     pages     = "031102",
     doi       = "10.1103/PhysRevD.76.031102"
}
@Article{BABAR:resAll,
     author    = "{B.~Aubert et al.}",
collaboration  = "BaBar",
     title     = "Measurement of branching fractions and rate asymmetries in the rare decays ${\rm B^0 \rightarrow K^{(*)} \ell^+ \ell^-}$",
     journal   = "Phys. Rev. D",
     volume    = "86",
     year      = "2012",
     pages     = "032012",
     doi       = "10.1103/PhysRevD.86.032012"
}
@Unpublished{BABAR:resAllUnpub,
     author        = "S.~Akar",
    collaboration  = "BaBar",
     title         = "Radiative-penguin resuts from BaBar",
     URL           = "https://indico.triumf.ca/getFile.py/access?contribId=66&sessionId=10&resId=0&materialId=slides&confId=1396",
     year          = "2012",
     note          = "Lake Louise Winter Institute conference (Canada), February 2012"
}
@Unpublished{Atlas,
     author        = "A.~Usanova",
    collaboration  = "Atlas",
     title         = "${\rm B} \rightarrow {\rm K}(^*) \mu^+ \mu^-$ with Atlas",
     URL           = "https://indico.cern.ch/getFile.py/access?contribId=59&sessionId=21&resId=0&materialId=slides&confId=216104",
     year          = "2013",
     note          = "Beauty 2013 conference, Bologna (Italy), April 2013"
}
@Unpublished{MINUIT,
     author        = "{F.~James, and M.~Winklerc}",
     title         = "MINUIT user's guide",
     URL           = "http://seal.web.cern.ch/seal/work-packages/mathlibs/minuit/doc/doc.html",
     year          = "2004",
     note          = "http://seal.web.cern.ch/seal/work-packages/mathlibs/minuit/doc/doc.html"
}
@Article{Theory:prediction01,
     author        = "{M.~Beneke, T.~Feldmann, and D.~Seidel}",
     title         = "Exclusive radiative and electroweak $b \to d$ and $b \to s$ penguin decays at NLO",
     journal       = "Eur. Phys. J. C",
     volume        = "41",
     year          = "2005",
     pages         = "173",
     URL           = "http://arxiv.org/abs/hep-ph/0412400",
     eprint        = "0412400",
     archivePrefix = "arXiv",
     primaryClass  = "hep-ph"
}
@Article{Theory:prediction02,
     author        = "{M.~Beneke, T.~Feldmann, and D.~Seidel}",
     title         = "Systematic approach to exclusive ${\rm B} \rightarrow V {\rm \ell^+ \ell^-}$, $V~\gamma$ decays",
     journal       = "Nucl. Phys. B",
     volume        = "612",
     year          = "2001",
     pages         = "25",
     URL           = "http://arxiv.org/abs/hep-ph/0106067",
     eprint        = "0106067",
     archivePrefix = "arXiv",
     primaryClass  = "hep-ph"
}
@Article{Theory:prediction03,
     author        = "{B.~Grinstein, and D.~Pirjol}",
     title         = "Exclusive rare ${\rm B \rightarrow K^{*0} \ell^+ \ell^-}$ - decays at low recoil: controlling the long-distance effects",
     journal       = "Phys. Rev. D",
     volume        = "70",
     year          = "2004",
     pages         = "114005",
     URL           = "http://arxiv.org/abs/hep-ph/0404250",
     eprint        = "0404250",
     archivePrefix = "arXiv",
     primaryClass  = "hep-ph"
}
@Article{Theory:bayesian,
     author        = "{F.~Beaujean, C.~Bobeth, and D.~van Dyk}",
     title         = "Comprehensive Bayesian analysis of rare (semi) leptonic and radiative B decays",
     journal       = "Eur. Phys. J. C",
     volume        = "74",
     year          = "2014",
     pages         = "2897",
     URL           = "http://arxiv.org/abs/1310.2478",
     eprint        = "1310.2478",
     archivePrefix = "arXiv",
     primaryClass  = "hep-ph"
}

@article{Matias2012,
archivePrefix = {arXiv},
arxivId = {1209.1525},
author = {Matias, Joaquim},
doi = {10.1103/PhysRevD.86.094024},
eprint = {1209.1525},
file = {:home/wangdy/cernbox/Mendeley/2012/Matias{\_}On the S-wave pollution of B- Kll- observables.pdf:pdf},
issn = {1550-7998},
journal = {Physical Review D},
mendeley-groups = {B2KMuMu},
month = {nov},
number = {9},
pages = {21},
title = {{On the S-wave pollution of B-{\textgreater} K*l+l- observables}},
url = {http://link.aps.org/doi/10.1103/PhysRevD.86.094024 http://arxiv.org/abs/1209.1525},
volume = {86},
year = {2012}
}



@article{Ball2009,
author = {Altmannshofer, Wolfgang and Ball, Patricia and Bharucha, Aoife and Buras, Andrzej J and Straub, David M and Wick, Michael},
journal = {Journal of High Energy Physics},
number = {01},
pages = {19},
title = {{Symmetries and asymmetries of B → K *$\mu$ + $\mu$ − decays in the Standard Model and beyond}},
url = {http://stacks.iop.org/1126-6708/2009/i=01/a=019},
volume = {2009},
year = {2009}
}


@Article{Theory:lattice,
     author        = "{R.~R.~Horgan, Z.~Liu, S.~Meinel, and M.~Wingate}",
     title         = "Lattice QCD calculation of form factors describing the rare decays ${\rm B} \to {\rm K}^* \ell^+ \ell^-$ and ${\rm B}_s \to \phi \ell^+ \ell^-$",
     journal       = "Phys. Rev. D",
     volume        = "89",
     year          = "2014",
     pages         = "094501",
     URL           = "http://arxiv.org/abs/1310.3722",
     eprint        = "1310.3722",
     archivePrefix = "arXiv",
     primaryClass  = "hep-ph"
}
@Article{B0CrossS,
     author        = "{CMS Collaboration}",
     title         = "Measurement of the $\PBz$ production cross-section in pp collisions at $\sqrt{s} = 7~\TeV$",
     journal       = "Phys. Rev. Lett.",
     volume        = "106",
     year          = "2011",
     pages         = "252001",
     URL           = "http://arxiv.org/abs/1104.2892",
     eprint        = "1104.2892",
     archivePrefix = "arXiv",
     primaryClass  = "hep-ex"
}
@Article{BpCrossS,
     author        = "{CMS Collaboration}",
     title         = "Measurement of the $\PBp$ production cross-section in pp collisions at $\sqrt{s} = 7~\TeV$",
     journal       = "Phys. Rev. Lett.",
     volume        = "106",
     year          = "2011",
     pages         = "112001",
     URL           = "http://arxiv.org/abs/1101.0131",
     eprint        = "1101.0131",
     archivePrefix = "arXiv",
     primaryClass  = "hep-ex"
}
@Article{BsCrossS,
     author        = "{CMS Collaboration}",
     title         = "Measurement of the $\PBzs$ production cross section with $\PBzs \rightarrow \JPsi \phi$ decays in $pp$ collisions at $\sqrt{s} = 7~\TeV$",
     journal       = "Phys. Rev. D",
     volume        = "84",
     year          = "2011",
     pages         = "052008",
     URL           = "http://arxiv.org/abs/1106.4048",
     eprint        = "1106.4048",
     archivePrefix = "arXiv",
     primaryClass  = "hep-ex"
}
@Unpublished{LambdabCrossS,
     author        = "{CMS Collaboration}",
     title         = "Measurement of the $\Lambda_{\rm b}$ cross section and the anti-$\Lambda_{\rm b}$ to $\Lambda_{\rm b}$ ratio with
$\Lambda_{\rm b} \rightarrow \JPsi \Lambda$ decays in $pp$ collisions at $\sqrt{s} = 7~\TeV$",
     URL           = "http://arxiv.org/abs/1205.0594",
     eprint        = "1205.0594",
     archivePrefix = "arXiv",
     primaryClass  = "hep-ex",
     year          = "2012"
}
@Article{B0KstMuMu2011,
     author        = "{CMS Collaboration}",
     title         = "Angular analysis and branching fraction measurement of the decay $\PBz \rightarrow \PKst \mu^+ \mu^-$",
     journal       = "Phys. Let. B",
     volume        = "727",
     year          = "2013",
     pages         = "77-100",
     URL           = "http://arxiv.org/abs/1308.3409",
     eprint        = "1308.3409",
     archivePrefix = "arXiv",
     primaryClass  = "hep-ex"
}
@Techreport{Book:stat,
     author      = "{A.~G.~Frodesen, O.~Skjeggestad, and H.~Tofte}",
     title       = "Probability and statistics in particle physics",
     type        = "Book",
     pages       = "501",
     institution = "University Press",
     year        = "1979"
}
@Unpublished{MATL,
     author      = "{MATLAB}",
     title       = "MATLAB official website",
     URL         = "http://www.mathworks.com",
     year        = "2014",
     note        = "http://www.mathworks.com"
}
@Article{Barlow:2004wg,
      author         = "Barlow, Roger",
      title          = "{Asymmetric statistical errors}",
      pages          = "56",
      bothpages      = "56-59",
      year           = "2004",
      eprint         = "physics/0406120",
      archivePrefix  = "arXiv",
      primaryClass   = "physics",
      reportNumber   = "MAN-HEP-04-02",
      SLACcitation   = "%%CITATION = PHYSICS/0406120;%%",
}

@book{opac-b1089297,
   title = "Multivariate density estimation : theory, practice, and visualization",
   author = "Scott, David W.",
   series = "Wiley series in probability and mathematical statistics : Applied probability and statistics section",
   publisher = "Wiley-Interscience",
   address = "New York, Chichester, Brisbane",
   url = "http://opac.inria.fr/record=b1089297",
   isbn = "0-471-54770-0",
   year = 1992
}
@article{Cranmer:2000du,
      author         = "Cranmer, Kyle S.",
      title          = "{Kernel estimation in high-energy physics}",
      journal        = "Comput. Phys. Commun.",
      volume         = "136",
      year           = "2001",
      pages          = "198-207",
      doi            = "10.1016/S0010-4655(00)00243-5",
      eprint         = "hep-ex/0011057",
      archivePrefix  = "arXiv",
      primaryClass   = "hep-ex",
      SLACcitation   = "%%CITATION = HEP-EX/0011057;%%"
}

@Article{RooFit,
  Title                    = {{The RooFit toolkit for data modeling}},
  Author                   = {{Verkerke}, W. and {Kirkby}, D.},
  Journal                  = {ArXiv Physics e-prints},
  Year                     = {2003},
  Month                    = jun,
  Eprint                   = {physics/0306116},
  Keywords                 = {Physics - Data Analysis, Statistics and Probability}
}

@Techreport{AN-15-172,
     author    = "Linwei Li and  Dayong Wang and others",
     title = "{A determination of $P_5'$ in the decay $\text{B}^0
                  \rightarrow \text{K}^{*0} \mu^+ \mu^-$ in 8TeV data}",
     type      = "CMS Analysis Note",
     number    = "2015-172",
     year      = "2015"
}


@article{Khachatryan:2015isa,
      author         = "Khachatryan, Vardan and others",
      title          = "{Angular analysis of the decay $ \mathrm{ B^0 \to K^{*0}
                        \mu^{+} \mu^{-}  }$ from pp collisions at $\sqrt{s}=  $ 8
                        TeV}",
      collaboration  = "CMS",
      year           = "2015",
      eprint         = "1507.08126",
      archivePrefix  = "arXiv",
      primaryClass   = "hep-ex",
      reportNumber   = "CMS-BPH-13-010, CERN-PH-EP-2015-178",
      SLACcitation   = "%%CITATION = ARXIV:1507.08126;%%",
      note           = "Submitted to to Phys. Lett. B"
}
@Techreport{AN-14-129,
     author    = "Mauro Dinardo, Kevin Stenson",
     title = "{Angular analysis and differential branching fraction of the decay ${\rm B}{}^0 \rightarrow {\rm K}{}^{*0} \mu^+ \mu^-$}",
     type      = "CMS Analysis Note",
     number    = "2014-129",
     year      = "2014"
}

@article{Paul2015,
      author         = "Ciuchini, M. and Fedele, M. and Franco, E. and Mishimad, S. and Paul, A. and Silvestrini, L. and Valli, M.",
      title          = "{$B \to K^* \ell^+\ell^-$  decays at large recoil in the Standard Model: a theoretical reappraisal}",
      journal        = "Submitted to JHEP",
      eprint         = "hep-ex/1512.07157",
      archivePrefix  = "arXiv",
      primaryClass   = "hep-ex",
}

@article{LHCbP5p,
      author         = "Aaij, R. and others",
      title          = "{Angular analysis of the $B^0 \to K^* \mu^+ \mu^-$ decay
                        using $3~{\rm fb}^{-1}$ of integrated luminosity}",
      collaboration  = "LHCb",
      journal        = "JHEP",
      volume         = "02",
      pages          = "104",
      doi            = "10.1007/JHEP02(2016)104",
      year           = "2016",
      eprint         = "1512.04442",
      archivePrefix  = "arXiv",
      primaryClass   = "hep-ex",
}

@article{CMS:2012,
      author         = "Chatrchyan, Serguei and others",
      title          = "{Angular analysis of the decay $B^0 \to K^{*0} \mu^+\mu^-$
                        from pp collisions at $\sqrt{s}=8$~TeV}",
      collaboration  = "CMS",
      journal        = "Phys. Lett. B",
      volume         = "753",
      pages          = "424",
      bothpages      = "424-428",
      doi            = "10.1016/j.physletb.2015.12.020",
      year           = "2016",
      eprint         = "1507.08126",
      archivePrefix  = "arXiv",
      primaryClass   = "hep-ex",
}

@article{Descotes-Genon:2013vna,
      author         = "Descotes-Genon, Sebastien and Hurth, Tobias and Matias,
                        Joaquim and Virto, Javier",
      title          = "{Optimizing the basis of $B \to {K}^{*}\ell^+ \ell^-$
                        observables in the full kinematic range}",
      journal        = "JHEP",
      volume         = "05",
      pages          = "137",
      doi            = "10.1007/JHEP05(2013)137",
      year           = "2013",
      eprint         = "1303.5794",
      archivePrefix  = "arXiv",
      primaryClass   = "hep-ph",
      reportNumber   = "UAB-FT-732, LPT-ORSAY-13-24, MITP-13-020",
      SLACcitation   = "%%CITATION = ARXIV:1303.5794;%%"                                                                                                                       
}

@article{FC,
      author         = "Feldman, G. J. and Cousins, R. D.",
      title          = "Unified approach to the classical statistical analysis of small signals",
      journal        = "Phys. Rev. D",
      volume         = "57",
      pages          = "3873",
      doi            = "10.1103/PhysRevD.57.3873",
      year           = "1998",
      eprint         = "physics/9711021",
      archivePrefix  = "arXiv",
      primaryClass   = "physics"
}
