@article{Matias:2014jua,
      author         = "Matias, Joaquim and Serra, Nicola",
      title          = "{Symmetry relations between angular observables in $B^0 \to K^* \mu^+\mu^-$ and the LHCb $P_5^\prime$ anomaly}",
      journal        = "Phys. Rev.",
      volume         = "D90",
      year           = "2014",
      number         = "3",
      pages          = "034002",
      doi            = "10.1103/PhysRevD.90.034002",
      eprint         = "1402.6855",
      archivePrefix  = "arXiv",
      primaryClass   = "hep-ph",
      SLACcitation   = "%%CITATION = ARXIV:1402.6855;%%"
}

@article{Altmannshofer:2008dz,
      author         = "Altmannshofer, Wolfgang and Ball, Patricia and Bharucha,
                        Aoife and Buras, Andrzej J. and Straub, David M. and Wick,
                        Michael",
      title          = "{Symmetries and Asymmetries of $B \to K^{*} \mu^{+}
                        \mu^{-}$ Decays in the Standard Model and Beyond}",
      journal        = "JHEP",
      volume         = "01",
      year           = "2009",
      pages          = "019",
      doi            = "10.1088/1126-6708/2009/01/019",
      eprint         = "0811.1214",
      archivePrefix  = "arXiv",
      primaryClass   = "hep-ph",
      reportNumber   = "IPPP-08-58, DCPT-08-116, TUM-HEP-696-08",
      SLACcitation   = "%%CITATION = ARXIV:0811.1214;%%"
}

@article{Khodjamirian:2001bj,
      author         = "Khodjamirian, Alexander",
      title          = "{QCD sum rules for heavy flavor physics}",
      booktitle      = "{Proceedings, 1st International Workshop on QCD - Theory
                        and Experiment (QCD@Work 2001): Martina Franca, Bari,
                        Italy, June 16-20, 2001}",
      journal        = "AIP Conf. Proc.",
      volume         = "602",
      year           = "2001",
      pages          = "194-205",
      doi            = "10.1063/1.1435927",
      note           = "[,194(2001)]",
      eprint         = "hep-ph/0108205",
      archivePrefix  = "arXiv",
      primaryClass   = "hep-ph",
      reportNumber   = "LMU-01-11",
      SLACcitation   = "%%CITATION = HEP-PH/0108205;%%"
}
